TOTAL_REVENUE,UNITS_SOLD,TOTAL_PRICE_PER_UNIT,NUMBER_OF_CUSTOMERS,NUMBER_OF_TRANSACTIONS,GENDER,PRODUCT_CATEGORY,AGE_GROUP,SPEND_BANDS,PURCHASE_DATE,DAYS_OF_WEEK,MONTH_OF_YEAR
150,3,50,1,1,Male,Beauty,YOUNG ADULTS,MEDIUM SPEND,11/24/2023,Fri,Nov
1000,2,500,1,1,Female,Clothing,YOUNG ADULTS,HIGH SPEND,2/27/2023,Mon,Feb
30,1,30,1,1,Male,Electronics,SENIOR CITIZEN,LOW SPEND,1/13/2023,Fri,Jan
500,1,500,1,1,Male,Clothing,ADULTS,MEDIUM SPEND,5/21/2023,Sun,May
100,2,50,1,1,Male,Beauty,YOUNG ADULTS,MEDIUM SPEND,5/6/2023,Sat,May
30,1,30,1,1,Female,Beauty,ADULTS,LOW SPEND,4/25/2023,Tue,Apr
100,4,25,1,1,Male,Electronics,YOUNG ADULTS,MEDIUM SPEND,2/22/2023,Wed,Feb
600,2,300,1,1,Male,Electronics,SENIOR CITIZEN,HIGH SPEND,12/13/2023,Wed,Dec
100,2,50,1,1,Male,Clothing,YOUNG ADULTS,MEDIUM SPEND,2/14/2023,Tue,Feb
1500,3,500,1,1,Male,Electronics,YOUNG ADULTS,HIGH SPEND,8/5/2023,Sat,Aug
2000,4,500,1,1,Female,Electronics,ADULTS,VERY HIGH,1/16/2023,Mon,Jan
1500,3,500,1,1,Male,Clothing,TEENAGERS,HIGH SPEND,2/17/2023,Fri,Feb
100,4,25,1,1,Female,Clothing,YOUNG ADULTS,MEDIUM SPEND,4/22/2023,Sat,Apr
50,2,25,1,1,Female,Clothing,SENIOR CITIZEN,LOW SPEND,9/16/2023,Sat,Sep
900,3,300,1,1,Male,Clothing,YOUNG ADULTS,HIGH SPEND,11/5/2023,Sun,Nov
100,2,50,1,1,Male,Clothing,TEENAGERS,MEDIUM SPEND,10/15/2023,Sun,Oct
300,1,300,1,1,Female,Clothing,SENIOR CITIZEN,MEDIUM SPEND,11/29/2023,Wed,Nov
2200,6,800,2,2,Female,Electronics,YOUNG ADULTS,HIGH SPEND,10/7/2023,Sat,Oct
900,3,300,1,1,Male,Beauty,SENIOR CITIZEN,HIGH SPEND,6/24/2023,Sat,Jun
75,3,25,1,1,Female,Beauty,TEENAGERS,MEDIUM SPEND,5/23/2023,Tue,May
120,4,30,1,1,Male,Clothing,YOUNG ADULTS,MEDIUM SPEND,4/21/2023,Fri,Apr
90,3,30,1,1,Male,Electronics,YOUNG ADULTS,MEDIUM SPEND,8/21/2023,Mon,Aug
200,4,50,1,1,Male,Beauty,SENIOR CITIZEN,MEDIUM SPEND,7/6/2023,Thu,Jul
500,1,500,1,1,Male,Clothing,SENIOR CITIZEN,MEDIUM SPEND,3/29/2023,Wed,Mar
2000,4,500,1,1,Female,Electronics,SENIOR CITIZEN,VERY HIGH,10/1/2023,Sun,Oct
2000,4,500,1,1,Female,Electronics,YOUNG ADULTS,VERY HIGH,10/18/2023,Wed,Oct
1500,3,500,1,1,Male,Clothing,ADULTS,HIGH SPEND,12/2/2023,Sat,Dec
30,1,30,1,1,Female,Electronics,ADULTS,LOW SPEND,8/18/2023,Fri,Aug
200,4,50,1,1,Male,Beauty,ADULTS,MEDIUM SPEND,3/21/2023,Tue,Mar
900,3,300,1,1,Male,Clothing,YOUNG ADULTS,HIGH SPEND,2/17/2023,Fri,Feb
100,2,50,1,1,Female,Beauty,YOUNG ADULTS,MEDIUM SPEND,11/22/2023,Wed,Nov
500,1,500,1,1,Female,Electronics,SENIOR CITIZEN,MEDIUM SPEND,3/25/2023,Sat,Mar
1000,2,500,1,1,Male,Clothing,SENIOR CITIZEN,HIGH SPEND,5/16/2023,Tue,May
150,3,50,1,1,Female,Clothing,SENIOR CITIZEN,MEDIUM SPEND,12/24/2023,Sun,Dec
30,1,30,1,1,Female,Electronics,SENIOR CITIZEN,LOW SPEND,7/3/2023,Mon,Jul
75,3,25,1,1,Female,Beauty,YOUNG ADULTS,MEDIUM SPEND,8/24/2023,Thu,Aug
1200,4,300,1,1,Female,Beauty,ADULTS,HIGH SPEND,5/29/2023,Mon,May
150,3,50,1,1,Female,Clothing,ADULTS,MEDIUM SPEND,9/17/2023,Sun,Sep
120,4,30,1,1,Female,Clothing,YOUNG ADULTS,MEDIUM SPEND,4/12/2023,Wed,Apr
1000,2,500,1,1,Male,Electronics,SENIOR CITIZEN,HIGH SPEND,12/16/2023,Sat,Dec
120,4,30,1,1,Male,Clothing,SENIOR CITIZEN,MEDIUM SPEND,1/17/2023,Tue,Jan
50,2,25,1,1,Female,Beauty,ADULTS,LOW SPEND,8/3/2023,Thu,Aug
1200,4,300,1,1,Male,Electronics,ADULTS,HIGH SPEND,5/23/2023,Tue,May
75,3,25,1,1,Female,Beauty,YOUNG ADULTS,MEDIUM SPEND,4/19/2023,Wed,Apr
50,2,25,1,1,Male,Clothing,ADULTS,LOW SPEND,3/13/2023,Mon,Mar
90,3,30,1,1,Male,Beauty,TEENAGERS,MEDIUM SPEND,11/8/2023,Wed,Nov
75,3,25,1,1,Male,Beauty,YOUNG ADULTS,MEDIUM SPEND,10/2/2023,Mon,Oct
600,2,300,1,1,Female,Beauty,YOUNG ADULTS,HIGH SPEND,9/18/2023,Mon,Sep
900,3,300,1,1,Female,Beauty,ADULTS,HIGH SPEND,9/8/2023,Fri,Sep
500,1,500,1,1,Female,Beauty,SENIOR CITIZEN,MEDIUM SPEND,1/14/2023,Sat,Jan
30,1,30,1,1,Female,Electronics,ADULTS,LOW SPEND,4/27/2023,Thu,Apr
1000,2,500,1,1,Female,Beauty,SENIOR CITIZEN,HIGH SPEND,10/13/2023,Fri,Oct
1200,4,300,1,1,Male,Electronics,YOUNG ADULTS,HIGH SPEND,2/2/2023,Thu,Feb
1000,2,500,1,1,Female,Beauty,YOUNG ADULTS,HIGH SPEND,6/11/2023,Sun,Jun
50,2,25,1,1,Female,Electronics,ADULTS,LOW SPEND,9/13/2023,Wed,Sep
2000,4,500,1,1,Female,Electronics,YOUNG ADULTS,VERY HIGH,5/16/2023,Tue,May
200,4,50,1,1,Female,Electronics,YOUNG ADULTS,MEDIUM SPEND,10/15/2023,Sun,Oct
1500,3,500,1,1,Male,Clothing,SENIOR CITIZEN,HIGH SPEND,11/26/2023,Sun,Nov
1500,3,500,1,1,Male,Beauty,TEENAGERS,HIGH SPEND,11/17/2023,Fri,Nov
50,2,25,1,1,Female,Electronics,YOUNG ADULTS,LOW SPEND,6/10/2023,Sat,Jun
200,4,50,1,1,Female,Beauty,TEENAGERS,MEDIUM SPEND,11/1/2023,Wed,Nov
50,1,50,1,1,Female,Beauty,SENIOR CITIZEN,LOW SPEND,12/26/2023,Tue,Dec
900,3,300,1,1,Female,Beauty,SENIOR CITIZEN,HIGH SPEND,3/7/2023,Tue,Mar
50,2,25,1,1,Male,Clothing,YOUNG ADULTS,LOW SPEND,2/22/2023,Wed,Feb
300,1,300,1,1,Female,Beauty,ADULTS,MEDIUM SPEND,3/5/2023,Sun,Mar
100,4,25,1,1,Female,Beauty,SENIOR CITIZEN,MEDIUM SPEND,7/14/2023,Fri,Jul
30,1,30,1,1,Male,Electronics,ADULTS,LOW SPEND,6/16/2023,Fri,Jun
900,3,300,1,1,Male,Clothing,YOUNG ADULTS,HIGH SPEND,6/11/2023,Sun,Jun
100,2,50,1,1,Male,Electronics,YOUNG ADULTS,MEDIUM SPEND,7/13/2023,Thu,Jul
50,2,25,1,1,Female,Clothing,YOUNG ADULTS,LOW SPEND,7/24/2023,Mon,Jul
200,4,50,1,1,Male,Electronics,ADULTS,MEDIUM SPEND,9/10/2023,Sun,Sep
75,3,25,1,1,Male,Clothing,YOUNG ADULTS,MEDIUM SPEND,10/11/2023,Wed,Oct
2000,4,500,1,1,Male,Electronics,YOUNG ADULTS,VERY HIGH,5/17/2023,Wed,May
50,2,25,1,1,Female,Electronics,ADULTS,LOW SPEND,4/30/2023,Sun,Apr
50,1,50,1,1,Female,Clothing,SENIOR CITIZEN,LOW SPEND,10/29/2023,Sun,Oct
200,4,50,1,1,Male,Beauty,YOUNG ADULTS,MEDIUM SPEND,4/9/2023,Sun,Apr
600,2,300,1,1,Male,Clothing,YOUNG ADULTS,HIGH SPEND,1/29/2023,Sun,Jan
200,4,50,1,1,Male,Clothing,ADULTS,MEDIUM SPEND,8/28/2023,Mon,Aug
1000,2,500,1,1,Female,Electronics,SENIOR CITIZEN,HIGH SPEND,1/23/2023,Mon,Jan
50,2,25,1,1,Female,Beauty,ADULTS,LOW SPEND,4/28/2023,Fri,Apr
500,1,500,1,1,Male,Beauty,YOUNG ADULTS,MEDIUM SPEND,7/5/2023,Wed,Jul
60,2,30,1,1,Male,Clothing,ADULTS,MEDIUM SPEND,8/21/2023,Mon,Aug
150,3,50,1,1,Female,Clothing,YOUNG ADULTS,MEDIUM SPEND,1/4/2023,Wed,Jan
900,3,300,1,1,Male,Clothing,YOUNG ADULTS,HIGH SPEND,3/9/2023,Thu,Mar
30,1,30,1,1,Male,Clothing,SENIOR CITIZEN,LOW SPEND,2/5/2023,Sun,Feb
120,4,30,1,1,Female,Beauty,ADULTS,MEDIUM SPEND,2/4/2023,Sat,Feb
900,3,300,1,1,Male,Electronics,SENIOR CITIZEN,HIGH SPEND,5/16/2023,Tue,May
900,3,300,1,1,Female,Beauty,SENIOR CITIZEN,HIGH SPEND,8/5/2023,Sat,Aug
300,1,300,1,1,Male,Electronics,YOUNG ADULTS,MEDIUM SPEND,2/10/2023,Fri,Feb
100,2,50,1,1,Female,Beauty,SENIOR CITIZEN,MEDIUM SPEND,4/23/2023,Sun,Apr
100,4,25,1,1,Female,Beauty,YOUNG ADULTS,MEDIUM SPEND,7/22/2023,Sat,Jul
1000,2,500,1,1,Male,Beauty,ADULTS,HIGH SPEND,11/18/2023,Sat,Nov
1500,3,500,1,1,Male,Beauty,YOUNG ADULTS,HIGH SPEND,2/13/2023,Mon,Feb
600,2,300,1,1,Female,Beauty,SENIOR CITIZEN,HIGH SPEND,12/29/2023,Fri,Dec
1500,3,500,1,1,Female,Electronics,ADULTS,HIGH SPEND,2/10/2023,Fri,Feb
600,2,300,1,1,Female,Electronics,ADULTS,HIGH SPEND,2/27/2023,Mon,Feb
100,2,50,1,1,Female,Electronics,SENIOR CITIZEN,MEDIUM SPEND,3/23/2023,Thu,Mar
50,1,50,1,1,Male,Beauty,ADULTS,LOW SPEND,6/22/2023,Thu,Jun
1200,4,300,1,1,Male,Clothing,TEENAGERS,HIGH SPEND,11/13/2023,Mon,Nov
50,1,50,1,1,Male,Clothing,SENIOR CITIZEN,LOW SPEND,7/5/2023,Wed,Jul
100,2,50,1,1,Male,Clothing,ADULTS,MEDIUM SPEND,8/8/2023,Tue,Aug
200,4,50,1,1,Female,Clothing,SENIOR CITIZEN,MEDIUM SPEND,10/7/2023,Sat,Oct
25,1,25,1,1,Female,Clothing,YOUNG ADULTS,LOW SPEND,2/19/2023,Sun,Feb
50,2,25,1,1,Male,Electronics,SENIOR CITIZEN,LOW SPEND,2/5/2023,Sun,Feb
100,4,25,1,1,Male,Clothing,SENIOR CITIZEN,MEDIUM SPEND,1/24/2023,Tue,Jan
100,2,50,1,1,Female,Electronics,YOUNG ADULTS,MEDIUM SPEND,3/25/2023,Sat,Mar
500,1,500,1,1,Female,Electronics,YOUNG ADULTS,MEDIUM SPEND,7/25/2023,Tue,Jul
2000,4,500,1,1,Male,Beauty,ADULTS,VERY HIGH,12/15/2023,Fri,Dec
500,1,500,1,1,Female,Beauty,ADULTS,MEDIUM SPEND,1/17/2023,Tue,Jan
90,3,30,1,1,Male,Clothing,ADULTS,MEDIUM SPEND,9/6/2023,Wed,Sep
100,2,50,1,1,Male,Electronics,SENIOR CITIZEN,MEDIUM SPEND,12/16/2023,Sat,Dec
1200,4,300,1,1,Female,Clothing,YOUNG ADULTS,HIGH SPEND,2/3/2023,Fri,Feb
165,6,55,2,2,Female,Clothing,ADULTS,MEDIUM SPEND,11/2/2023,Thu,Nov
200,4,50,1,1,Female,Electronics,YOUNG ADULTS,MEDIUM SPEND,10/4/2023,Wed,Oct
2000,4,500,1,1,Male,Electronics,SENIOR CITIZEN,VERY HIGH,12/5/2023,Tue,Dec
1200,4,300,1,1,Female,Electronics,SENIOR CITIZEN,HIGH SPEND,12/17/2023,Sun,Dec
50,1,50,1,1,Female,Clothing,ADULTS,LOW SPEND,5/18/2023,Thu,May
900,3,300,1,1,Female,Clothing,SENIOR CITIZEN,HIGH SPEND,11/24/2023,Fri,Nov
1200,4,300,1,1,Male,Electronics,TEENAGERS,HIGH SPEND,11/3/2023,Fri,Nov
150,3,50,1,1,Male,Beauty,YOUNG ADULTS,MEDIUM SPEND,9/1/2023,Fri,Sep
25,1,25,1,1,Male,Clothing,YOUNG ADULTS,LOW SPEND,2/27/2023,Mon,Feb
165,6,55,2,2,Male,Clothing,ADULTS,MEDIUM SPEND,5/3/2023,Wed,May
900,3,300,1,1,Female,Clothing,YOUNG ADULTS,HIGH SPEND,9/30/2023,Sat,Sep
25,1,25,1,1,Female,Clothing,ADULTS,LOW SPEND,11/7/2023,Tue,Nov
1500,3,500,1,1,Male,Clothing,YOUNG ADULTS,HIGH SPEND,6/9/2023,Fri,Jun
25,1,25,1,1,Male,Clothing,YOUNG ADULTS,LOW SPEND,5/2/2023,Tue,May
50,1,50,1,1,Male,Electronics,ADULTS,LOW SPEND,10/23/2023,Mon,Oct
200,4,50,1,1,Female,Beauty,SENIOR CITIZEN,MEDIUM SPEND,8/31/2023,Thu,Aug
100,2,50,1,1,Male,Beauty,TEENAGERS,MEDIUM SPEND,12/27/2023,Wed,Dec
25,1,25,1,1,Female,Beauty,ADULTS,LOW SPEND,2/6/2023,Mon,Feb
60,2,30,1,1,Female,Electronics,TEENAGERS,MEDIUM SPEND,12/1/2023,Fri,Dec
30,1,30,1,1,Female,Electronics,YOUNG ADULTS,LOW SPEND,2/20/2023,Mon,Feb
200,4,50,1,1,Male,Clothing,ADULTS,MEDIUM SPEND,2/8/2023,Wed,Feb
160,6,55,2,2,Male,Electronics,SENIOR CITIZEN,MEDIUM SPEND,11/30/2023,Thu,Nov
600,2,300,1,1,Female,Beauty,YOUNG ADULTS,HIGH SPEND,10/4/2023,Wed,Oct
60,2,30,1,1,Male,Clothing,ADULTS,MEDIUM SPEND,6/1/2023,Thu,Jun
60,2,30,1,1,Male,Electronics,YOUNG ADULTS,MEDIUM SPEND,10/16/2023,Mon,Oct
600,2,300,1,1,Female,Electronics,SENIOR CITIZEN,HIGH SPEND,12/27/2023,Wed,Dec
25,1,25,1,1,Female,Beauty,YOUNG ADULTS,LOW SPEND,3/10/2023,Fri,Mar
100,4,25,1,1,Male,Electronics,YOUNG ADULTS,MEDIUM SPEND,7/1/2023,Sat,Jul
200,4,50,1,1,Female,Beauty,ADULTS,MEDIUM SPEND,9/18/2023,Mon,Sep
1000,2,500,1,1,Male,Clothing,ADULTS,HIGH SPEND,6/10/2023,Sat,Jun
2000,4,500,1,1,Female,Clothing,SENIOR CITIZEN,VERY HIGH,5/27/2023,Sat,May
2000,4,500,1,1,Male,Beauty,YOUNG ADULTS,VERY HIGH,2/13/2023,Mon,Feb
900,3,300,1,1,Female,Clothing,YOUNG ADULTS,HIGH SPEND,5/31/2023,Wed,May
320,8,80,2,2,Female,Electronics,SENIOR CITIZEN,MEDIUM SPEND,8/25/2023,Fri,Aug
50,1,50,1,1,Male,Beauty,SENIOR CITIZEN,LOW SPEND,5/7/2023,Sun,May
100,2,50,1,1,Male,Beauty,SENIOR CITIZEN,MEDIUM SPEND,2/10/2023,Fri,Feb
50,1,50,1,1,Female,Clothing,ADULTS,LOW SPEND,7/17/2023,Mon,Jul
1500,3,500,1,1,Female,Beauty,ADULTS,HIGH SPEND,11/6/2023,Mon,Nov
100,4,25,1,1,Female,Electronics,YOUNG ADULTS,MEDIUM SPEND,3/20/2023,Mon,Mar
100,4,25,1,1,Female,Clothing,ADULTS,MEDIUM SPEND,11/25/2023,Sat,Nov
500,1,500,1,1,Female,Beauty,ADULTS,MEDIUM SPEND,4/23/2023,Sun,Apr
30,1,30,1,1,Female,Beauty,SENIOR CITIZEN,LOW SPEND,11/18/2023,Sat,Nov
200,4,50,1,1,Female,Beauty,YOUNG ADULTS,MEDIUM SPEND,12/26/2023,Tue,Dec
2000,4,500,1,1,Male,Electronics,SENIOR CITIZEN,VERY HIGH,6/24/2023,Sat,Jun
50,1,50,1,1,Male,Beauty,SENIOR CITIZEN,LOW SPEND,1/30/2023,Mon,Jan
75,3,25,1,1,Male,Beauty,YOUNG ADULTS,MEDIUM SPEND,10/30/2023,Mon,Oct
250,7,75,2,2,Male,Beauty,YOUNG ADULTS,MEDIUM SPEND,10/23/2023,Mon,Oct
2000,4,500,1,1,Female,Beauty,YOUNG ADULTS,VERY HIGH,7/14/2023,Fri,Jul
100,2,50,1,1,Female,Clothing,ADULTS,MEDIUM SPEND,8/11/2023,Fri,Aug
50,2,25,1,1,Female,Clothing,YOUNG ADULTS,LOW SPEND,6/2/2023,Fri,Jun
900,3,300,1,1,Male,Clothing,ADULTS,HIGH SPEND,1/1/2023,Sun,Jan
1200,4,300,1,1,Female,Clothing,SENIOR CITIZEN,HIGH SPEND,9/14/2023,Thu,Sep
120,4,30,1,1,Male,Beauty,SENIOR CITIZEN,MEDIUM SPEND,6/15/2023,Thu,Jun
200,4,50,1,1,Male,Clothing,YOUNG ADULTS,MEDIUM SPEND,7/5/2023,Wed,Jul
200,4,50,1,1,Female,Clothing,ADULTS,MEDIUM SPEND,3/6/2023,Mon,Mar
2000,4,500,1,1,Female,Electronics,YOUNG ADULTS,VERY HIGH,5/23/2023,Tue,May
30,1,30,1,1,Female,Electronics,SENIOR CITIZEN,LOW SPEND,5/6/2023,Sat,May
60,2,30,1,1,Female,Clothing,YOUNG ADULTS,MEDIUM SPEND,11/24/2023,Fri,Nov
1500,3,500,1,1,Female,Electronics,YOUNG ADULTS,HIGH SPEND,4/19/2023,Wed,Apr
500,5,350,2,2,Male,Clothing,SENIOR CITIZEN,MEDIUM SPEND,2/24/2023,Fri,Feb
500,1,500,1,1,Male,Beauty,SENIOR CITIZEN,MEDIUM SPEND,3/3/2023,Fri,Mar
150,3,50,1,1,Female,Clothing,SENIOR CITIZEN,MEDIUM SPEND,3/13/2023,Mon,Mar
120,4,30,1,1,Female,Electronics,SENIOR CITIZEN,MEDIUM SPEND,1/6/2023,Fri,Jan
200,4,50,1,1,Female,Electronics,YOUNG ADULTS,MEDIUM SPEND,12/20/2023,Wed,Dec
1200,4,300,1,1,Female,Clothing,YOUNG ADULTS,HIGH SPEND,3/26/2023,Sun,Mar
90,3,30,1,1,Male,Beauty,SENIOR CITIZEN,MEDIUM SPEND,10/29/2023,Sun,Oct
300,1,300,1,1,Male,Electronics,SENIOR CITIZEN,MEDIUM SPEND,5/5/2023,Fri,May
500,1,500,1,1,Male,Electronics,ADULTS,MEDIUM SPEND,7/28/2023,Fri,Jul
50,2,25,1,1,Female,Electronics,ADULTS,LOW SPEND,4/20/2023,Thu,Apr
120,4,30,1,1,Male,Clothing,YOUNG ADULTS,MEDIUM SPEND,3/26/2023,Sun,Mar
50,2,25,1,1,Female,Electronics,YOUNG ADULTS,LOW SPEND,5/27/2023,Sat,May
1500,3,500,1,1,Female,Beauty,YOUNG ADULTS,HIGH SPEND,2/7/2023,Tue,Feb
300,1,300,1,1,Male,Beauty,SENIOR CITIZEN,MEDIUM SPEND,6/28/2023,Wed,Jun
90,3,30,1,1,Female,Clothing,ADULTS,MEDIUM SPEND,5/22/2023,Mon,May
1200,4,300,1,1,Male,Beauty,SENIOR CITIZEN,HIGH SPEND,11/23/2023,Thu,Nov
100,4,25,1,1,Male,Electronics,SENIOR CITIZEN,MEDIUM SPEND,6/20/2023,Tue,Jun
1200,4,300,1,1,Female,Clothing,YOUNG ADULTS,HIGH SPEND,4/27/2023,Thu,Apr
150,3,50,1,1,Female,Electronics,SENIOR CITIZEN,MEDIUM SPEND,7/30/2023,Sun,Jul
600,2,300,1,1,Female,Clothing,ADULTS,HIGH SPEND,5/16/2023,Tue,May
900,3,300,1,1,Female,Beauty,ADULTS,HIGH SPEND,12/26/2023,Tue,Dec
900,3,300,1,1,Female,Beauty,ADULTS,HIGH SPEND,10/29/2023,Sun,Oct
60,2,30,1,1,Female,Clothing,SENIOR CITIZEN,MEDIUM SPEND,12/10/2023,Sun,Dec
200,6,75,2,2,Female,Clothing,ADULTS,MEDIUM SPEND,7/9/2023,Sun,Jul
150,3,50,1,1,Male,Clothing,YOUNG ADULTS,MEDIUM SPEND,2/6/2023,Mon,Feb
50,1,50,1,1,Male,Electronics,SENIOR CITIZEN,LOW SPEND,1/25/2023,Wed,Jan
600,2,300,1,1,Female,Clothing,ADULTS,HIGH SPEND,12/19/2023,Tue,Dec
100,2,50,1,1,Male,Beauty,YOUNG ADULTS,MEDIUM SPEND,12/9/2023,Sat,Dec
200,4,50,1,1,Male,Clothing,SENIOR CITIZEN,MEDIUM SPEND,9/6/2023,Wed,Sep
60,2,30,1,1,Male,Beauty,YOUNG ADULTS,MEDIUM SPEND,7/1/2023,Sat,Jul
60,2,30,1,1,Male,Beauty,ADULTS,MEDIUM SPEND,1/15/2023,Sun,Jan
25,1,25,1,1,Male,Electronics,ADULTS,LOW SPEND,5/7/2023,Sun,May
1000,2,500,1,1,Female,Beauty,ADULTS,HIGH SPEND,5/19/2023,Fri,May
50,1,50,1,1,Male,Electronics,ADULTS,LOW SPEND,5/17/2023,Wed,May
900,3,300,1,1,Male,Electronics,SENIOR CITIZEN,HIGH SPEND,10/2/2023,Mon,Oct
2000,4,500,1,1,Male,Clothing,YOUNG ADULTS,VERY HIGH,4/2/2023,Sun,Apr
25,1,25,1,1,Male,Beauty,ADULTS,LOW SPEND,9/28/2023,Thu,Sep
1500,3,500,1,1,Male,Beauty,ADULTS,HIGH SPEND,1/1/2024,Mon,Jan
50,1,50,1,1,Female,Clothing,YOUNG ADULTS,LOW SPEND,6/23/2023,Fri,Jun
90,3,30,1,1,Male,Beauty,YOUNG ADULTS,MEDIUM SPEND,1/4/2023,Wed,Jan
120,4,30,1,1,Male,Beauty,YOUNG ADULTS,MEDIUM SPEND,10/10/2023,Tue,Oct
270,7,80,2,2,Male,Electronics,SENIOR CITIZEN,MEDIUM SPEND,10/3/2023,Tue,Oct
2000,4,500,1,1,Male,Clothing,YOUNG ADULTS,VERY HIGH,10/27/2023,Fri,Oct
600,2,300,1,1,Female,Beauty,YOUNG ADULTS,HIGH SPEND,4/23/2023,Sun,Apr
900,3,300,1,1,Male,Electronics,YOUNG ADULTS,HIGH SPEND,2/16/2023,Thu,Feb
50,2,25,1,1,Male,Beauty,YOUNG ADULTS,LOW SPEND,9/17/2023,Sun,Sep
60,2,30,1,1,Male,Clothing,ADULTS,MEDIUM SPEND,10/4/2023,Wed,Oct
200,4,50,1,1,Male,Electronics,YOUNG ADULTS,MEDIUM SPEND,1/10/2023,Tue,Jan
200,4,50,1,1,Female,Electronics,YOUNG ADULTS,MEDIUM SPEND,8/13/2023,Sun,Aug
300,1,300,1,1,Female,Clothing,ADULTS,MEDIUM SPEND,2/21/2023,Tue,Feb
1200,4,300,1,1,Female,Electronics,YOUNG ADULTS,HIGH SPEND,6/26/2023,Mon,Jun
75,3,25,1,1,Female,Beauty,SENIOR CITIZEN,MEDIUM SPEND,4/30/2023,Sun,Apr
2000,4,500,1,1,Female,Beauty,TEENAGERS,VERY HIGH,11/22/2023,Wed,Nov
1500,3,500,1,1,Female,Clothing,ADULTS,HIGH SPEND,7/1/2023,Sat,Jul
300,1,300,1,1,Male,Beauty,YOUNG ADULTS,MEDIUM SPEND,4/18/2023,Tue,Apr
90,3,30,1,1,Female,Electronics,ADULTS,MEDIUM SPEND,11/28/2023,Tue,Nov
1000,2,500,1,1,Male,Electronics,TEENAGERS,HIGH SPEND,3/15/2023,Wed,Mar
60,2,30,1,1,Female,Electronics,ADULTS,MEDIUM SPEND,5/15/2023,Mon,May
500,1,500,1,1,Female,Clothing,SENIOR CITIZEN,MEDIUM SPEND,3/12/2023,Sun,Mar
60,2,30,1,1,Male,Clothing,TEENAGERS,MEDIUM SPEND,5/9/2023,Tue,May
200,4,50,1,1,Male,Clothing,YOUNG ADULTS,MEDIUM SPEND,5/31/2023,Wed,May
200,4,50,1,1,Male,Electronics,ADULTS,MEDIUM SPEND,4/13/2023,Thu,Apr
90,3,30,1,1,Female,Electronics,SENIOR CITIZEN,MEDIUM SPEND,8/20/2023,Sun,Aug
600,2,300,1,1,Male,Beauty,ADULTS,HIGH SPEND,5/7/2023,Sun,May
120,4,30,1,1,Male,Clothing,SENIOR CITIZEN,MEDIUM SPEND,4/26/2023,Wed,Apr
25,1,25,1,1,Female,Clothing,SENIOR CITIZEN,LOW SPEND,2/2/2023,Thu,Feb
300,1,300,1,1,Female,Clothing,ADULTS,MEDIUM SPEND,7/14/2023,Fri,Jul
30,1,30,1,1,Male,Electronics,ADULTS,LOW SPEND,8/5/2023,Sat,Aug
50,1,50,1,1,Female,Electronics,YOUNG ADULTS,LOW SPEND,11/2/2023,Thu,Nov
1500,3,500,1,1,Female,Beauty,SENIOR CITIZEN,HIGH SPEND,7/15/2023,Sat,Jul
50,1,50,1,1,Male,Clothing,YOUNG ADULTS,LOW SPEND,12/15/2023,Fri,Dec
2000,4,500,1,1,Male,Electronics,ADULTS,VERY HIGH,2/28/2023,Tue,Feb
1500,3,500,1,1,Female,Beauty,ADULTS,HIGH SPEND,5/15/2023,Mon,May
100,2,50,1,1,Female,Beauty,ADULTS,MEDIUM SPEND,7/11/2023,Tue,Jul
100,2,50,1,1,Male,Beauty,ADULTS,MEDIUM SPEND,3/24/2023,Fri,Mar
100,2,50,1,1,Female,Clothing,SENIOR CITIZEN,MEDIUM SPEND,6/7/2023,Wed,Jun
1500,3,500,1,1,Male,Beauty,YOUNG ADULTS,HIGH SPEND,7/24/2023,Mon,Jul
90,3,30,1,1,Female,Clothing,YOUNG ADULTS,MEDIUM SPEND,10/26/2023,Thu,Oct
50,2,25,1,1,Male,Clothing,YOUNG ADULTS,LOW SPEND,2/26/2023,Sun,Feb
150,3,50,1,1,Female,Clothing,SENIOR CITIZEN,MEDIUM SPEND,1/2/2023,Mon,Jan
300,1,300,1,1,Male,Electronics,YOUNG ADULTS,MEDIUM SPEND,9/29/2023,Fri,Sep
90,3,30,1,1,Female,Beauty,SENIOR CITIZEN,MEDIUM SPEND,5/4/2023,Thu,May
90,3,30,1,1,Male,Beauty,SENIOR CITIZEN,MEDIUM SPEND,9/22/2023,Fri,Sep
100,4,25,1,1,Female,Beauty,SENIOR CITIZEN,MEDIUM SPEND,1/11/2023,Wed,Jan
100,2,50,1,1,Male,Electronics,ADULTS,MEDIUM SPEND,10/11/2023,Wed,Oct
60,2,30,1,1,Female,Electronics,SENIOR CITIZEN,MEDIUM SPEND,4/28/2023,Fri,Apr
25,1,25,1,1,Male,Beauty,SENIOR CITIZEN,LOW SPEND,4/23/2023,Sun,Apr
50,2,25,1,1,Female,Electronics,SENIOR CITIZEN,LOW SPEND,11/20/2023,Mon,Nov
25,1,25,1,1,Female,Clothing,SENIOR CITIZEN,LOW SPEND,4/28/2023,Fri,Apr
1000,2,500,1,1,Female,Beauty,SENIOR CITIZEN,HIGH SPEND,2/4/2023,Sat,Feb
1500,3,500,1,1,Male,Electronics,ADULTS,HIGH SPEND,6/19/2023,Mon,Jun
300,1,300,1,1,Female,Beauty,YOUNG ADULTS,MEDIUM SPEND,2/6/2023,Mon,Feb
2000,4,500,1,1,Female,Clothing,SENIOR CITIZEN,VERY HIGH,8/31/2023,Thu,Aug
30,1,30,1,1,Male,Clothing,ADULTS,LOW SPEND,4/8/2023,Sat,Apr
1000,2,500,1,1,Male,Clothing,YOUNG ADULTS,HIGH SPEND,2/18/2023,Sat,Feb
25,1,25,1,1,Male,Beauty,SENIOR CITIZEN,LOW SPEND,10/18/2023,Wed,Oct
60,2,30,1,1,Male,Electronics,ADULTS,MEDIUM SPEND,10/4/2023,Wed,Oct
2000,4,500,1,1,Male,Beauty,TEENAGERS,VERY HIGH,2/19/2023,Sun,Feb
200,4,50,1,1,Female,Clothing,ADULTS,MEDIUM SPEND,8/9/2023,Wed,Aug
50,2,25,1,1,Male,Clothing,YOUNG ADULTS,LOW SPEND,8/5/2023,Sat,Aug
120,4,30,1,1,Female,Beauty,YOUNG ADULTS,MEDIUM SPEND,7/30/2023,Sun,Jul
60,2,30,1,1,Male,Beauty,YOUNG ADULTS,MEDIUM SPEND,8/28/2023,Mon,Aug
900,3,300,1,1,Male,Clothing,ADULTS,HIGH SPEND,1/28/2023,Sat,Jan
900,3,300,1,1,Male,Clothing,SENIOR CITIZEN,HIGH SPEND,12/11/2023,Mon,Dec
90,3,30,1,1,Female,Beauty,YOUNG ADULTS,MEDIUM SPEND,11/27/2023,Mon,Nov
2000,4,500,1,1,Male,Clothing,YOUNG ADULTS,VERY HIGH,2/1/2023,Wed,Feb
300,1,300,1,1,Male,Electronics,ADULTS,MEDIUM SPEND,7/26/2023,Wed,Jul
120,4,30,1,1,Female,Beauty,SENIOR CITIZEN,MEDIUM SPEND,6/23/2023,Fri,Jun
100,2,50,1,1,Female,Electronics,SENIOR CITIZEN,MEDIUM SPEND,2/25/2023,Sat,Feb
50,1,50,1,1,Female,Beauty,YOUNG ADULTS,LOW SPEND,5/8/2023,Mon,May
1000,2,500,1,1,Female,Clothing,YOUNG ADULTS,HIGH SPEND,4/9/2023,Sun,Apr
100,4,25,1,1,Female,Beauty,YOUNG ADULTS,MEDIUM SPEND,10/2/2023,Mon,Oct
100,4,25,1,1,Male,Clothing,ADULTS,MEDIUM SPEND,8/18/2023,Fri,Aug
100,4,25,1,1,Female,Clothing,ADULTS,MEDIUM SPEND,3/13/2023,Mon,Mar
100,4,25,1,1,Male,Clothing,SENIOR CITIZEN,MEDIUM SPEND,2/20/2023,Mon,Feb
600,2,300,1,1,Male,Clothing,SENIOR CITIZEN,HIGH SPEND,1/8/2023,Sun,Jan
90,3,30,1,1,Male,Electronics,SENIOR CITIZEN,MEDIUM SPEND,5/2/2023,Tue,May
90,3,30,1,1,Female,Clothing,YOUNG ADULTS,MEDIUM SPEND,3/27/2023,Mon,Mar
1900,5,800,2,2,Female,Beauty,YOUNG ADULTS,HIGH SPEND,7/28/2023,Fri,Jul
1200,4,300,1,1,Male,Beauty,YOUNG ADULTS,HIGH SPEND,4/20/2023,Thu,Apr
1000,2,500,1,1,Male,Electronics,SENIOR CITIZEN,HIGH SPEND,7/25/2023,Tue,Jul
200,4,50,1,1,Female,Electronics,TEENAGERS,MEDIUM SPEND,1/31/2023,Tue,Jan
90,3,30,1,1,Male,Electronics,TEENAGERS,MEDIUM SPEND,1/2/2023,Mon,Jan
60,2,30,1,1,Female,Electronics,ADULTS,MEDIUM SPEND,7/19/2023,Wed,Jul
100,4,25,1,1,Female,Beauty,YOUNG ADULTS,MEDIUM SPEND,12/5/2023,Tue,Dec
320,8,80,2,2,Male,Clothing,ADULTS,MEDIUM SPEND,9/7/2023,Thu,Sep
1500,3,500,1,1,Female,Beauty,SENIOR CITIZEN,HIGH SPEND,3/21/2023,Tue,Mar
120,4,30,1,1,Male,Clothing,SENIOR CITIZEN,MEDIUM SPEND,4/8/2023,Sat,Apr
90,3,30,1,1,Male,Electronics,YOUNG ADULTS,MEDIUM SPEND,1/30/2023,Mon,Jan
25,1,25,1,1,Male,Clothing,SENIOR CITIZEN,LOW SPEND,10/24/2023,Tue,Oct
500,1,500,1,1,Male,Clothing,YOUNG ADULTS,MEDIUM SPEND,10/5/2023,Thu,Oct
900,3,300,1,1,Female,Beauty,YOUNG ADULTS,HIGH SPEND,1/26/2023,Thu,Jan
50,2,25,1,1,Female,Electronics,SENIOR CITIZEN,LOW SPEND,9/2/2023,Sat,Sep
100,2,50,1,1,Male,Beauty,ADULTS,MEDIUM SPEND,3/22/2023,Wed,Mar
200,4,50,1,1,Female,Beauty,YOUNG ADULTS,MEDIUM SPEND,9/18/2023,Mon,Sep
90,3,30,1,1,Male,Electronics,YOUNG ADULTS,MEDIUM SPEND,2/11/2023,Sat,Feb
150,3,50,1,1,Female,Beauty,SENIOR CITIZEN,MEDIUM SPEND,12/12/2023,Tue,Dec
100,2,50,1,1,Male,Beauty,SENIOR CITIZEN,MEDIUM SPEND,7/26/2023,Wed,Jul
30,1,30,1,1,Female,Beauty,ADULTS,LOW SPEND,1/21/2023,Sat,Jan
25,1,25,1,1,Male,Electronics,ADULTS,LOW SPEND,8/3/2023,Thu,Aug
500,1,500,1,1,Male,Electronics,YOUNG ADULTS,MEDIUM SPEND,5/14/2023,Sun,May
500,1,500,1,1,Female,Electronics,SENIOR CITIZEN,MEDIUM SPEND,12/9/2023,Sat,Dec
100,4,25,1,1,Male,Clothing,ADULTS,MEDIUM SPEND,3/9/2023,Thu,Mar
500,1,500,1,1,Female,Beauty,TEENAGERS,MEDIUM SPEND,8/23/2023,Wed,Aug
100,2,50,1,1,Male,Clothing,SENIOR CITIZEN,MEDIUM SPEND,2/7/2023,Tue,Feb
600,2,300,1,1,Female,Beauty,YOUNG ADULTS,HIGH SPEND,10/3/2023,Tue,Oct
50,1,50,1,1,Male,Clothing,YOUNG ADULTS,LOW SPEND,9/17/2023,Sun,Sep
25,1,25,1,1,Female,Clothing,ADULTS,LOW SPEND,2/5/2023,Sun,Feb
600,2,300,1,1,Male,Electronics,SENIOR CITIZEN,HIGH SPEND,5/6/2023,Sat,May
50,2,25,1,1,Male,Clothing,YOUNG ADULTS,LOW SPEND,12/1/2023,Fri,Dec
600,2,300,1,1,Male,Clothing,YOUNG ADULTS,HIGH SPEND,12/8/2023,Fri,Dec
500,1,500,1,1,Female,Clothing,YOUNG ADULTS,MEDIUM SPEND,6/3/2023,Sat,Jun
1000,2,500,1,1,Male,Electronics,SENIOR CITIZEN,HIGH SPEND,12/6/2023,Wed,Dec
30,1,30,1,1,Female,Beauty,SENIOR CITIZEN,LOW SPEND,2/23/2023,Thu,Feb
600,2,300,1,1,Female,Clothing,ADULTS,HIGH SPEND,3/21/2023,Tue,Mar
600,2,300,1,1,Male,Clothing,YOUNG ADULTS,HIGH SPEND,5/20/2023,Sat,May
1000,2,500,1,1,Male,Electronics,ADULTS,HIGH SPEND,5/25/2023,Thu,May
1200,4,300,1,1,Female,Clothing,YOUNG ADULTS,HIGH SPEND,11/6/2023,Mon,Nov
700,5,550,2,2,Female,Beauty,SENIOR CITIZEN,MEDIUM SPEND,4/15/2023,Sat,Apr
2000,4,500,1,1,Female,Electronics,TEENAGERS,VERY HIGH,9/16/2023,Sat,Sep
100,4,25,1,1,Male,Beauty,ADULTS,MEDIUM SPEND,5/9/2023,Tue,May
60,2,30,1,1,Male,Clothing,SENIOR CITIZEN,MEDIUM SPEND,1/27/2023,Fri,Jan
90,3,30,1,1,Female,Clothing,YOUNG ADULTS,MEDIUM SPEND,6/20/2023,Tue,Jun
25,1,25,1,1,Female,Clothing,YOUNG ADULTS,LOW SPEND,3/8/2023,Wed,Mar
120,4,30,1,1,Female,Electronics,SENIOR CITIZEN,MEDIUM SPEND,5/15/2023,Mon,May
900,3,300,1,1,Female,Electronics,ADULTS,HIGH SPEND,8/7/2023,Mon,Aug
30,1,30,1,1,Female,Clothing,ADULTS,LOW SPEND,1/19/2023,Thu,Jan
100,4,25,1,1,Female,Clothing,SENIOR CITIZEN,MEDIUM SPEND,3/17/2023,Fri,Mar
50,1,50,1,1,Male,Electronics,YOUNG ADULTS,LOW SPEND,6/7/2023,Wed,Jun
1500,3,500,1,1,Female,Clothing,ADULTS,HIGH SPEND,5/8/2023,Mon,May
100,4,25,1,1,Female,Electronics,ADULTS,MEDIUM SPEND,11/14/2023,Tue,Nov
1200,4,300,1,1,Male,Electronics,SENIOR CITIZEN,HIGH SPEND,4/1/2023,Sat,Apr
25,1,25,1,1,Male,Electronics,ADULTS,LOW SPEND,12/9/2023,Sat,Dec
1000,2,500,1,1,Female,Clothing,SENIOR CITIZEN,HIGH SPEND,5/17/2023,Wed,May
50,1,50,1,1,Male,Beauty,SENIOR CITIZEN,LOW SPEND,2/25/2023,Sat,Feb
75,3,25,1,1,Male,Clothing,YOUNG ADULTS,MEDIUM SPEND,1/20/2023,Fri,Jan
2000,4,500,1,1,Female,Beauty,ADULTS,VERY HIGH,6/29/2023,Thu,Jun
1200,4,300,1,1,Female,Electronics,ADULTS,HIGH SPEND,6/6/2023,Tue,Jun
30,1,30,1,1,Male,Clothing,SENIOR CITIZEN,LOW SPEND,4/25/2023,Tue,Apr
2000,4,500,1,1,Male,Clothing,ADULTS,VERY HIGH,7/24/2023,Mon,Jul
900,3,300,1,1,Female,Electronics,SENIOR CITIZEN,HIGH SPEND,6/18/2023,Sun,Jun
150,3,50,1,1,Male,Clothing,YOUNG ADULTS,MEDIUM SPEND,2/5/2023,Sun,Feb
50,1,50,1,1,Female,Clothing,ADULTS,LOW SPEND,12/4/2023,Mon,Dec
500,1,500,1,1,Male,Clothing,SENIOR CITIZEN,MEDIUM SPEND,8/5/2023,Sat,Aug
1500,3,500,1,1,Female,Clothing,ADULTS,HIGH SPEND,4/4/2023,Tue,Apr
1200,4,300,1,1,Female,Clothing,YOUNG ADULTS,HIGH SPEND,9/6/2023,Wed,Sep
150,3,50,1,1,Male,Electronics,SENIOR CITIZEN,MEDIUM SPEND,9/29/2023,Fri,Sep
1200,4,300,1,1,Female,Electronics,SENIOR CITIZEN,HIGH SPEND,2/5/2023,Sun,Feb
500,1,500,1,1,Male,Clothing,ADULTS,MEDIUM SPEND,5/1/2023,Mon,May
50,2,25,1,1,Male,Electronics,YOUNG ADULTS,LOW SPEND,11/1/2023,Wed,Nov
50,1,50,1,1,Female,Beauty,SENIOR CITIZEN,LOW SPEND,10/26/2023,Thu,Oct
300,1,300,1,1,Male,Clothing,YOUNG ADULTS,MEDIUM SPEND,6/11/2023,Sun,Jun
50,2,25,1,1,Male,Beauty,TEENAGERS,LOW SPEND,1/5/2023,Thu,Jan
600,2,300,1,1,Male,Clothing,YOUNG ADULTS,HIGH SPEND,8/9/2023,Wed,Aug
60,2,30,1,1,Female,Beauty,SENIOR CITIZEN,MEDIUM SPEND,1/21/2023,Sat,Jan
25,1,25,1,1,Male,Electronics,SENIOR CITIZEN,LOW SPEND,11/10/2023,Fri,Nov
600,2,300,1,1,Male,Clothing,SENIOR CITIZEN,HIGH SPEND,10/26/2023,Thu,Oct
60,2,30,1,1,Male,Beauty,YOUNG ADULTS,MEDIUM SPEND,7/24/2023,Mon,Jul
220,8,55,2,2,Female,Clothing,SENIOR CITIZEN,MEDIUM SPEND,6/19/2023,Mon,Jun
150,3,50,1,1,Male,Electronics,ADULTS,MEDIUM SPEND,4/2/2023,Sun,Apr
150,3,50,1,1,Female,Beauty,ADULTS,MEDIUM SPEND,5/16/2023,Tue,May
300,1,300,1,1,Female,Electronics,TEENAGERS,MEDIUM SPEND,3/1/2023,Wed,Mar
900,3,300,1,1,Female,Clothing,SENIOR CITIZEN,HIGH SPEND,7/17/2023,Mon,Jul
50,2,25,1,1,Male,Clothing,SENIOR CITIZEN,LOW SPEND,4/11/2023,Tue,Apr
500,1,500,1,1,Male,Electronics,YOUNG ADULTS,MEDIUM SPEND,12/7/2023,Thu,Dec
1500,3,500,1,1,Male,Electronics,TEENAGERS,HIGH SPEND,11/16/2023,Thu,Nov
90,3,30,1,1,Male,Beauty,ADULTS,MEDIUM SPEND,12/6/2023,Wed,Dec
120,4,30,1,1,Female,Beauty,SENIOR CITIZEN,MEDIUM SPEND,3/5/2023,Sun,Mar
500,1,500,1,1,Female,Beauty,YOUNG ADULTS,MEDIUM SPEND,6/3/2023,Sat,Jun
25,1,25,1,1,Female,Electronics,YOUNG ADULTS,LOW SPEND,12/23/2023,Sat,Dec
2000,4,500,1,1,Male,Clothing,SENIOR CITIZEN,VERY HIGH,3/7/2023,Tue,Mar
300,1,300,1,1,Male,Beauty,YOUNG ADULTS,MEDIUM SPEND,10/19/2023,Thu,Oct
30,1,30,1,1,Female,Clothing,YOUNG ADULTS,LOW SPEND,8/23/2023,Wed,Aug
50,1,50,1,1,Male,Clothing,YOUNG ADULTS,LOW SPEND,10/20/2023,Fri,Oct
200,4,50,1,1,Male,Clothing,SENIOR CITIZEN,MEDIUM SPEND,3/23/2023,Thu,Mar
1000,2,500,1,1,Male,Clothing,ADULTS,HIGH SPEND,4/8/2023,Sat,Apr
2000,4,500,1,1,Female,Beauty,YOUNG ADULTS,VERY HIGH,5/23/2023,Tue,May
500,1,500,1,1,Female,Electronics,TEENAGERS,MEDIUM SPEND,5/8/2023,Mon,May
120,4,30,1,1,Male,Clothing,YOUNG ADULTS,MEDIUM SPEND,1/26/2023,Thu,Jan
600,2,300,1,1,Male,Beauty,SENIOR CITIZEN,HIGH SPEND,7/14/2023,Fri,Jul
30,1,30,1,1,Female,Beauty,TEENAGERS,LOW SPEND,5/16/2023,Tue,May
25,1,25,1,1,Female,Beauty,YOUNG ADULTS,LOW SPEND,10/12/2023,Thu,Oct
150,3,50,1,1,Female,Electronics,SENIOR CITIZEN,MEDIUM SPEND,10/27/2023,Fri,Oct
75,3,25,1,1,Female,Clothing,TEENAGERS,MEDIUM SPEND,9/15/2023,Fri,Sep
2000,4,500,1,1,Female,Clothing,ADULTS,VERY HIGH,10/24/2023,Tue,Oct
1000,2,500,1,1,Male,Clothing,SENIOR CITIZEN,HIGH SPEND,2/11/2023,Sat,Feb
50,1,50,1,1,Female,Electronics,SENIOR CITIZEN,LOW SPEND,1/5/2023,Thu,Jan
30,1,30,1,1,Female,Beauty,SENIOR CITIZEN,LOW SPEND,5/16/2023,Tue,May
100,4,25,1,1,Female,Beauty,YOUNG ADULTS,MEDIUM SPEND,4/18/2023,Tue,Apr
120,4,30,1,1,Female,Clothing,SENIOR CITIZEN,MEDIUM SPEND,3/18/2023,Sat,Mar
1500,3,500,1,1,Female,Beauty,SENIOR CITIZEN,HIGH SPEND,7/31/2023,Mon,Jul
150,3,50,1,1,Male,Clothing,YOUNG ADULTS,MEDIUM SPEND,3/23/2023,Thu,Mar
2000,4,500,1,1,Female,Clothing,YOUNG ADULTS,VERY HIGH,8/29/2023,Tue,Aug
1200,4,300,1,1,Male,Electronics,SENIOR CITIZEN,HIGH SPEND,8/24/2023,Thu,Aug
75,3,25,1,1,Female,Electronics,ADULTS,MEDIUM SPEND,5/3/2023,Wed,May
200,4,50,1,1,Male,Electronics,SENIOR CITIZEN,MEDIUM SPEND,5/16/2023,Tue,May
1500,3,500,1,1,Male,Beauty,YOUNG ADULTS,HIGH SPEND,2/25/2023,Sat,Feb
100,2,50,1,1,Male,Clothing,YOUNG ADULTS,MEDIUM SPEND,12/10/2023,Sun,Dec
120,4,30,1,1,Female,Electronics,TEENAGERS,MEDIUM SPEND,2/5/2023,Sun,Feb
30,1,30,1,1,Male,Electronics,SENIOR CITIZEN,LOW SPEND,11/14/2023,Tue,Nov
1000,2,500,1,1,Female,Electronics,SENIOR CITIZEN,HIGH SPEND,8/5/2023,Sat,Aug
50,1,50,1,1,Female,Electronics,TEENAGERS,LOW SPEND,6/4/2023,Sun,Jun
60,2,30,1,1,Male,Clothing,YOUNG ADULTS,MEDIUM SPEND,8/9/2023,Wed,Aug
60,2,30,1,1,Female,Beauty,ADULTS,MEDIUM SPEND,11/7/2023,Tue,Nov
300,1,300,1,1,Female,Electronics,SENIOR CITIZEN,MEDIUM SPEND,8/27/2023,Sun,Aug
2000,4,500,1,1,Male,Clothing,YOUNG ADULTS,VERY HIGH,4/20/2023,Thu,Apr
25,1,25,1,1,Female,Clothing,YOUNG ADULTS,LOW SPEND,5/1/2023,Mon,May
50,1,50,1,1,Male,Electronics,SENIOR CITIZEN,LOW SPEND,12/11/2023,Mon,Dec
1200,4,300,1,1,Female,Beauty,ADULTS,HIGH SPEND,6/8/2023,Thu,Jun
1000,2,500,1,1,Female,Beauty,ADULTS,HIGH SPEND,4/12/2023,Wed,Apr
900,3,300,1,1,Male,Clothing,ADULTS,HIGH SPEND,3/17/2023,Fri,Mar
60,2,30,1,1,Male,Electronics,YOUNG ADULTS,MEDIUM SPEND,5/6/2023,Sat,May
300,1,300,1,1,Female,Electronics,SENIOR CITIZEN,MEDIUM SPEND,2/7/2023,Tue,Feb
30,1,30,1,1,Male,Clothing,TEENAGERS,LOW SPEND,4/10/2023,Mon,Apr
100,2,100,2,2,Male,Electronics,YOUNG ADULTS,LOW SPEND,5/5/2023,Fri,May
100,2,50,1,1,Female,Clothing,ADULTS,MEDIUM SPEND,12/19/2023,Tue,Dec
500,1,500,1,1,Female,Electronics,SENIOR CITIZEN,MEDIUM SPEND,8/6/2023,Sun,Aug
1200,4,300,1,1,Female,Beauty,ADULTS,HIGH SPEND,4/1/2023,Sat,Apr
50,1,50,1,1,Female,Beauty,YOUNG ADULTS,LOW SPEND,1/26/2023,Thu,Jan
100,4,25,1,1,Female,Electronics,YOUNG ADULTS,MEDIUM SPEND,9/16/2023,Sat,Sep
200,4,50,1,1,Female,Beauty,SENIOR CITIZEN,MEDIUM SPEND,5/13/2023,Sat,May
120,4,30,1,1,Female,Electronics,SENIOR CITIZEN,MEDIUM SPEND,5/7/2023,Sun,May
150,3,50,1,1,Male,Clothing,SENIOR CITIZEN,MEDIUM SPEND,5/27/2023,Sat,May
500,1,500,1,1,Female,Clothing,SENIOR CITIZEN,MEDIUM SPEND,6/13/2023,Tue,Jun
25,1,25,1,1,Male,Clothing,ADULTS,LOW SPEND,2/11/2023,Sat,Feb
25,1,25,1,1,Male,Clothing,SENIOR CITIZEN,LOW SPEND,3/12/2023,Sun,Mar
300,1,300,1,1,Female,Clothing,ADULTS,MEDIUM SPEND,4/16/2023,Sun,Apr
1000,2,500,1,1,Male,Beauty,ADULTS,HIGH SPEND,1/4/2023,Wed,Jan
300,1,300,1,1,Female,Electronics,SENIOR CITIZEN,MEDIUM SPEND,8/3/2023,Thu,Aug
100,4,25,1,1,Male,Clothing,SENIOR CITIZEN,MEDIUM SPEND,10/3/2023,Tue,Oct
100,2,50,1,1,Male,Electronics,SENIOR CITIZEN,MEDIUM SPEND,10/7/2023,Sat,Oct
50,2,25,1,1,Female,Electronics,ADULTS,LOW SPEND,5/20/2023,Sat,May
2000,4,500,1,1,Male,Electronics,ADULTS,VERY HIGH,12/9/2023,Sat,Dec
90,3,30,1,1,Female,Clothing,SENIOR CITIZEN,MEDIUM SPEND,8/28/2023,Mon,Aug
500,1,500,1,1,Female,Clothing,YOUNG ADULTS,MEDIUM SPEND,10/1/2023,Sun,Oct
1500,3,500,1,1,Female,Electronics,YOUNG ADULTS,HIGH SPEND,10/31/2023,Tue,Oct
75,3,25,1,1,Male,Beauty,YOUNG ADULTS,MEDIUM SPEND,1/14/2023,Sat,Jan
100,4,25,1,1,Female,Beauty,ADULTS,MEDIUM SPEND,11/26/2023,Sun,Nov
60,2,30,1,1,Female,Clothing,ADULTS,MEDIUM SPEND,4/4/2023,Tue,Apr
1500,3,500,1,1,Female,Beauty,SENIOR CITIZEN,HIGH SPEND,1/26/2023,Thu,Jan
900,3,300,1,1,Male,Beauty,YOUNG ADULTS,HIGH SPEND,7/14/2023,Fri,Jul
150,3,50,1,1,Male,Electronics,SENIOR CITIZEN,MEDIUM SPEND,7/14/2023,Fri,Jul
2000,4,500,1,1,Male,Clothing,SENIOR CITIZEN,VERY HIGH,5/10/2023,Wed,May
150,3,50,1,1,Male,Clothing,YOUNG ADULTS,MEDIUM SPEND,3/20/2023,Mon,Mar
1200,4,300,1,1,Female,Electronics,SENIOR CITIZEN,HIGH SPEND,8/27/2023,Sun,Aug
500,1,500,1,1,Female,Clothing,YOUNG ADULTS,MEDIUM SPEND,11/7/2023,Tue,Nov
50,1,50,1,1,Male,Electronics,SENIOR CITIZEN,LOW SPEND,8/21/2023,Mon,Aug
25,1,25,1,1,Female,Beauty,YOUNG ADULTS,LOW SPEND,12/23/2023,Sat,Dec
600,2,300,1,1,Female,Electronics,YOUNG ADULTS,HIGH SPEND,12/3/2023,Sun,Dec
90,3,30,1,1,Female,Clothing,SENIOR CITIZEN,MEDIUM SPEND,9/25/2023,Mon,Sep
300,1,300,1,1,Female,Beauty,YOUNG ADULTS,MEDIUM SPEND,5/16/2023,Tue,May
50,1,50,1,1,Male,Clothing,SENIOR CITIZEN,LOW SPEND,7/22/2023,Sat,Jul
500,1,500,1,1,Male,Clothing,SENIOR CITIZEN,MEDIUM SPEND,8/13/2023,Sun,Aug
1500,3,500,1,1,Male,Electronics,SENIOR CITIZEN,HIGH SPEND,10/6/2023,Fri,Oct
30,1,30,1,1,Male,Beauty,ADULTS,LOW SPEND,6/4/2023,Sun,Jun
900,3,300,1,1,Female,Electronics,ADULTS,HIGH SPEND,6/25/2023,Sun,Jun
75,3,25,1,1,Female,Beauty,ADULTS,MEDIUM SPEND,9/8/2023,Fri,Sep
200,4,50,1,1,Female,Electronics,ADULTS,MEDIUM SPEND,10/10/2023,Tue,Oct
90,3,30,1,1,Female,Clothing,SENIOR CITIZEN,MEDIUM SPEND,3/7/2023,Tue,Mar
25,1,25,1,1,Female,Beauty,ADULTS,LOW SPEND,2/22/2023,Wed,Feb
75,3,25,1,1,Male,Beauty,TEENAGERS,MEDIUM SPEND,5/8/2023,Mon,May
50,2,25,1,1,Male,Beauty,ADULTS,LOW SPEND,11/25/2023,Sat,Nov
2000,4,500,1,1,Male,Beauty,ADULTS,VERY HIGH,10/25/2023,Wed,Oct
200,4,50,1,1,Female,Beauty,ADULTS,MEDIUM SPEND,6/10/2023,Sat,Jun
25,1,25,1,1,Female,Beauty,SENIOR CITIZEN,LOW SPEND,11/7/2023,Tue,Nov
1500,3,500,1,1,Male,Beauty,ADULTS,HIGH SPEND,1/1/2023,Sun,Jan
1200,4,300,1,1,Male,Beauty,ADULTS,HIGH SPEND,10/3/2023,Tue,Oct
60,2,30,1,1,Female,Clothing,ADULTS,MEDIUM SPEND,7/6/2023,Thu,Jul
900,3,300,1,1,Female,Electronics,ADULTS,HIGH SPEND,12/8/2023,Fri,Dec
50,1,50,1,1,Female,Beauty,YOUNG ADULTS,LOW SPEND,6/17/2023,Sat,Jun
50,2,25,1,1,Male,Clothing,YOUNG ADULTS,LOW SPEND,6/1/2023,Thu,Jun
75,3,25,1,1,Female,Electronics,SENIOR CITIZEN,MEDIUM SPEND,12/13/2023,Wed,Dec
150,3,50,1,1,Female,Beauty,ADULTS,MEDIUM SPEND,11/12/2023,Sun,Nov
25,1,25,1,1,Female,Clothing,ADULTS,LOW SPEND,10/8/2023,Sun,Oct
100,2,50,1,1,Male,Electronics,SENIOR CITIZEN,MEDIUM SPEND,10/24/2023,Tue,Oct
50,2,25,1,1,Female,Electronics,SENIOR CITIZEN,LOW SPEND,8/31/2023,Thu,Aug
30,1,30,1,1,Female,Electronics,ADULTS,LOW SPEND,9/21/2023,Thu,Sep
600,2,300,1,1,Female,Electronics,TEENAGERS,HIGH SPEND,9/1/2023,Fri,Sep
1000,2,500,1,1,Female,Beauty,SENIOR CITIZEN,HIGH SPEND,10/22/2023,Sun,Oct
300,1,300,1,1,Female,Electronics,YOUNG ADULTS,MEDIUM SPEND,12/23/2023,Sat,Dec
200,4,50,1,1,Female,Electronics,YOUNG ADULTS,MEDIUM SPEND,9/11/2023,Mon,Sep
1000,2,500,1,1,Male,Electronics,ADULTS,HIGH SPEND,7/24/2023,Mon,Jul
75,3,25,1,1,Male,Clothing,SENIOR CITIZEN,MEDIUM SPEND,3/17/2023,Fri,Mar
1000,2,500,1,1,Female,Beauty,ADULTS,HIGH SPEND,4/29/2023,Sat,Apr
1200,4,300,1,1,Male,Clothing,YOUNG ADULTS,HIGH SPEND,5/23/2023,Tue,May
100,4,25,1,1,Male,Clothing,SENIOR CITIZEN,MEDIUM SPEND,5/12/2023,Fri,May
500,1,500,1,1,Male,Electronics,SENIOR CITIZEN,MEDIUM SPEND,1/30/2023,Mon,Jan
1000,2,500,1,1,Female,Electronics,SENIOR CITIZEN,HIGH SPEND,1/5/2023,Thu,Jan
1000,2,500,1,1,Female,Beauty,TEENAGERS,HIGH SPEND,3/25/2023,Sat,Mar
900,3,300,1,1,Male,Clothing,YOUNG ADULTS,HIGH SPEND,11/14/2023,Tue,Nov
2000,4,500,1,1,Female,Beauty,ADULTS,VERY HIGH,1/24/2023,Tue,Jan
600,2,300,1,1,Female,Beauty,YOUNG ADULTS,HIGH SPEND,1/3/2023,Tue,Jan
75,3,25,1,1,Female,Beauty,SENIOR CITIZEN,MEDIUM SPEND,8/22/2023,Tue,Aug
900,3,300,1,1,Female,Beauty,YOUNG ADULTS,HIGH SPEND,8/26/2023,Sat,Aug
50,1,50,1,1,Male,Clothing,SENIOR CITIZEN,LOW SPEND,10/14/2023,Sat,Oct
50,2,25,1,1,Male,Electronics,SENIOR CITIZEN,LOW SPEND,6/12/2023,Mon,Jun
90,3,30,1,1,Male,Beauty,YOUNG ADULTS,MEDIUM SPEND,10/4/2023,Wed,Oct
1500,3,500,1,1,Male,Electronics,SENIOR CITIZEN,HIGH SPEND,7/19/2023,Wed,Jul
200,4,50,1,1,Female,Electronics,YOUNG ADULTS,MEDIUM SPEND,7/19/2023,Wed,Jul
1500,3,500,1,1,Male,Beauty,ADULTS,HIGH SPEND,4/23/2023,Sun,Apr
500,1,500,1,1,Male,Clothing,SENIOR CITIZEN,MEDIUM SPEND,1/15/2023,Sun,Jan
300,1,300,1,1,Female,Electronics,SENIOR CITIZEN,MEDIUM SPEND,7/19/2023,Wed,Jul
900,3,300,1,1,Female,Beauty,ADULTS,HIGH SPEND,1/14/2023,Sat,Jan
1500,3,500,1,1,Male,Electronics,YOUNG ADULTS,HIGH SPEND,10/16/2023,Mon,Oct
1200,4,300,1,1,Female,Clothing,SENIOR CITIZEN,HIGH SPEND,8/8/2023,Tue,Aug
200,4,50,1,1,Female,Beauty,SENIOR CITIZEN,MEDIUM SPEND,6/17/2023,Sat,Jun
1000,2,500,1,1,Male,Electronics,SENIOR CITIZEN,HIGH SPEND,2/11/2023,Sat,Feb
30,1,30,1,1,Female,Clothing,YOUNG ADULTS,LOW SPEND,1/10/2023,Tue,Jan
300,1,300,1,1,Male,Clothing,ADULTS,MEDIUM SPEND,11/30/2023,Thu,Nov
2000,4,500,1,1,Female,Electronics,ADULTS,VERY HIGH,1/21/2023,Sat,Jan
2000,4,500,1,1,Female,Beauty,YOUNG ADULTS,VERY HIGH,1/16/2023,Mon,Jan
30,1,30,1,1,Male,Beauty,YOUNG ADULTS,LOW SPEND,11/15/2023,Wed,Nov
50,2,25,1,1,Male,Clothing,YOUNG ADULTS,LOW SPEND,2/28/2023,Tue,Feb
75,3,25,1,1,Female,Beauty,YOUNG ADULTS,MEDIUM SPEND,1/14/2023,Sat,Jan
1500,3,500,1,1,Female,Electronics,ADULTS,HIGH SPEND,11/2/2023,Thu,Nov
150,3,50,1,1,Female,Electronics,SENIOR CITIZEN,MEDIUM SPEND,7/28/2023,Fri,Jul
60,2,30,1,1,Female,Electronics,ADULTS,MEDIUM SPEND,7/14/2023,Fri,Jul
120,4,30,1,1,Female,Clothing,ADULTS,MEDIUM SPEND,6/22/2023,Thu,Jun
50,2,25,1,1,Female,Beauty,SENIOR CITIZEN,LOW SPEND,12/6/2023,Wed,Dec
75,3,25,1,1,Female,Clothing,SENIOR CITIZEN,MEDIUM SPEND,4/22/2023,Sat,Apr
30,1,30,1,1,Male,Electronics,YOUNG ADULTS,LOW SPEND,7/12/2023,Wed,Jul
50,2,25,1,1,Female,Clothing,ADULTS,LOW SPEND,4/12/2023,Wed,Apr
1000,2,500,1,1,Female,Electronics,SENIOR CITIZEN,HIGH SPEND,5/5/2023,Fri,May
900,3,300,1,1,Female,Beauty,SENIOR CITIZEN,HIGH SPEND,6/27/2023,Tue,Jun
50,1,50,1,1,Female,Beauty,YOUNG ADULTS,LOW SPEND,7/9/2023,Sun,Jul
300,1,300,1,1,Female,Beauty,SENIOR CITIZEN,MEDIUM SPEND,9/17/2023,Sun,Sep
75,3,25,1,1,Male,Clothing,ADULTS,MEDIUM SPEND,1/7/2023,Sat,Jan
50,1,50,1,1,Male,Clothing,SENIOR CITIZEN,LOW SPEND,8/4/2023,Fri,Aug
100,4,25,1,1,Male,Clothing,ADULTS,MEDIUM SPEND,11/22/2023,Wed,Nov
1500,3,500,1,1,Female,Beauty,YOUNG ADULTS,HIGH SPEND,12/29/2023,Fri,Dec
2000,4,500,1,1,Male,Beauty,YOUNG ADULTS,VERY HIGH,4/1/2023,Sat,Apr
1000,2,500,1,1,Male,Beauty,ADULTS,HIGH SPEND,8/12/2023,Sat,Aug
200,4,50,1,1,Male,Beauty,YOUNG ADULTS,MEDIUM SPEND,10/31/2023,Tue,Oct
90,3,30,1,1,Male,Beauty,SENIOR CITIZEN,MEDIUM SPEND,7/14/2023,Fri,Jul
100,4,25,1,1,Male,Electronics,YOUNG ADULTS,MEDIUM SPEND,1/15/2023,Sun,Jan
60,2,30,1,1,Female,Beauty,SENIOR CITIZEN,MEDIUM SPEND,4/4/2023,Tue,Apr
50,2,25,1,1,Male,Clothing,SENIOR CITIZEN,LOW SPEND,5/24/2023,Wed,May
600,2,300,1,1,Female,Clothing,ADULTS,HIGH SPEND,12/26/2023,Tue,Dec
1500,3,500,1,1,Male,Beauty,YOUNG ADULTS,HIGH SPEND,5/22/2023,Mon,May
1200,4,300,1,1,Female,Electronics,TEENAGERS,HIGH SPEND,4/8/2023,Sat,Apr
50,2,25,1,1,Male,Electronics,YOUNG ADULTS,LOW SPEND,9/8/2023,Fri,Sep
100,2,50,1,1,Male,Electronics,YOUNG ADULTS,MEDIUM SPEND,9/9/2023,Sat,Sep
90,3,30,1,1,Female,Clothing,ADULTS,MEDIUM SPEND,2/17/2023,Fri,Feb
1200,4,300,1,1,Male,Electronics,YOUNG ADULTS,HIGH SPEND,5/31/2023,Wed,May
300,1,300,1,1,Female,Clothing,ADULTS,MEDIUM SPEND,12/21/2023,Thu,Dec
2000,4,500,1,1,Female,Electronics,SENIOR CITIZEN,VERY HIGH,8/6/2023,Sun,Aug
50,1,50,1,1,Female,Electronics,YOUNG ADULTS,LOW SPEND,10/2/2023,Mon,Oct
50,1,50,1,1,Male,Electronics,SENIOR CITIZEN,LOW SPEND,4/21/2023,Fri,Apr
50,2,25,1,1,Female,Electronics,YOUNG ADULTS,LOW SPEND,10/29/2023,Sun,Oct
30,1,30,1,1,Male,Beauty,SENIOR CITIZEN,LOW SPEND,2/5/2023,Sun,Feb
2000,4,500,1,1,Male,Beauty,ADULTS,VERY HIGH,9/11/2023,Mon,Sep
50,1,50,1,1,Male,Beauty,ADULTS,LOW SPEND,9/22/2023,Fri,Sep
500,1,500,1,1,Male,Clothing,YOUNG ADULTS,MEDIUM SPEND,7/4/2023,Tue,Jul
300,1,300,1,1,Male,Beauty,SENIOR CITIZEN,MEDIUM SPEND,4/2/2023,Sun,Apr
50,1,50,1,1,Male,Electronics,ADULTS,LOW SPEND,10/21/2023,Sat,Oct
75,3,25,1,1,Female,Beauty,YOUNG ADULTS,MEDIUM SPEND,1/27/2023,Fri,Jan
100,4,25,1,1,Female,Beauty,ADULTS,MEDIUM SPEND,2/28/2023,Tue,Feb
500,1,500,1,1,Male,Beauty,YOUNG ADULTS,MEDIUM SPEND,7/25/2023,Tue,Jul
1500,3,500,1,1,Male,Clothing,SENIOR CITIZEN,HIGH SPEND,3/18/2023,Sat,Mar
300,1,300,1,1,Male,Beauty,SENIOR CITIZEN,MEDIUM SPEND,3/2/2023,Thu,Mar
75,3,25,1,1,Female,Electronics,YOUNG ADULTS,MEDIUM SPEND,10/13/2023,Fri,Oct
100,2,50,1,1,Male,Beauty,YOUNG ADULTS,MEDIUM SPEND,11/2/2023,Thu,Nov
90,3,30,1,1,Male,Beauty,ADULTS,MEDIUM SPEND,4/26/2023,Wed,Apr
25,1,25,1,1,Male,Beauty,SENIOR CITIZEN,LOW SPEND,4/17/2023,Mon,Apr
200,4,50,1,1,Female,Clothing,SENIOR CITIZEN,MEDIUM SPEND,3/30/2023,Thu,Mar
90,3,30,1,1,Female,Beauty,ADULTS,MEDIUM SPEND,12/19/2023,Tue,Dec
75,3,25,1,1,Female,Clothing,SENIOR CITIZEN,MEDIUM SPEND,5/28/2023,Sun,May
150,3,50,1,1,Female,Electronics,ADULTS,MEDIUM SPEND,12/5/2023,Tue,Dec
25,1,25,1,1,Male,Beauty,SENIOR CITIZEN,LOW SPEND,9/1/2023,Fri,Sep
50,2,25,1,1,Male,Electronics,YOUNG ADULTS,LOW SPEND,12/20/2023,Wed,Dec
600,2,300,1,1,Male,Electronics,ADULTS,HIGH SPEND,3/20/2023,Mon,Mar
50,2,25,1,1,Female,Beauty,ADULTS,LOW SPEND,4/19/2023,Wed,Apr
1500,3,500,1,1,Male,Clothing,SENIOR CITIZEN,HIGH SPEND,11/29/2023,Wed,Nov
1000,2,500,1,1,Male,Beauty,SENIOR CITIZEN,HIGH SPEND,3/22/2023,Wed,Mar
25,1,25,1,1,Male,Clothing,SENIOR CITIZEN,LOW SPEND,8/5/2023,Sat,Aug
100,2,50,1,1,Male,Electronics,SENIOR CITIZEN,MEDIUM SPEND,7/11/2023,Tue,Jul
300,1,300,1,1,Male,Electronics,YOUNG ADULTS,MEDIUM SPEND,9/28/2023,Thu,Sep
120,4,30,1,1,Male,Electronics,SENIOR CITIZEN,MEDIUM SPEND,11/8/2023,Wed,Nov
1500,3,500,1,1,Male,Beauty,ADULTS,HIGH SPEND,12/4/2023,Mon,Dec
75,3,50,2,2,Male,Electronics,SENIOR CITIZEN,LOW SPEND,10/9/2023,Mon,Oct
1000,2,500,1,1,Female,Electronics,YOUNG ADULTS,HIGH SPEND,1/31/2023,Tue,Jan
900,3,300,1,1,Female,Electronics,ADULTS,HIGH SPEND,5/23/2023,Tue,May
25,1,25,1,1,Female,Clothing,SENIOR CITIZEN,LOW SPEND,1/17/2023,Tue,Jan
300,1,300,1,1,Female,Beauty,ADULTS,MEDIUM SPEND,4/12/2023,Wed,Apr
25,1,25,1,1,Female,Electronics,YOUNG ADULTS,LOW SPEND,8/15/2023,Tue,Aug
1000,2,500,1,1,Female,Electronics,ADULTS,HIGH SPEND,9/4/2023,Mon,Sep
1200,4,300,1,1,Male,Electronics,SENIOR CITIZEN,HIGH SPEND,4/6/2023,Thu,Apr
1200,4,300,1,1,Female,Clothing,ADULTS,HIGH SPEND,10/19/2023,Thu,Oct
1200,4,300,1,1,Female,Electronics,YOUNG ADULTS,HIGH SPEND,12/10/2023,Sun,Dec
25,1,25,1,1,Male,Clothing,SENIOR CITIZEN,LOW SPEND,11/27/2023,Mon,Nov
200,4,50,1,1,Female,Clothing,ADULTS,MEDIUM SPEND,3/9/2023,Thu,Mar
900,3,300,1,1,Female,Electronics,YOUNG ADULTS,HIGH SPEND,12/18/2023,Mon,Dec
100,2,50,1,1,Female,Clothing,YOUNG ADULTS,MEDIUM SPEND,11/21/2023,Tue,Nov
50,1,50,1,1,Male,Clothing,SENIOR CITIZEN,LOW SPEND,4/20/2023,Thu,Apr
100,2,50,1,1,Male,Clothing,ADULTS,MEDIUM SPEND,9/23/2023,Sat,Sep
25,1,25,1,1,Male,Electronics,ADULTS,LOW SPEND,1/22/2023,Sun,Jan
300,1,300,1,1,Male,Electronics,SENIOR CITIZEN,MEDIUM SPEND,11/28/2023,Tue,Nov
100,2,50,1,1,Female,Electronics,SENIOR CITIZEN,MEDIUM SPEND,8/19/2023,Sat,Aug
600,2,300,1,1,Male,Electronics,ADULTS,HIGH SPEND,5/13/2023,Sat,May
75,3,25,1,1,Male,Electronics,TEENAGERS,MEDIUM SPEND,11/12/2023,Sun,Nov
100,4,25,1,1,Male,Electronics,YOUNG ADULTS,MEDIUM SPEND,11/2/2023,Thu,Nov
200,4,50,1,1,Male,Beauty,SENIOR CITIZEN,MEDIUM SPEND,2/7/2023,Tue,Feb
60,2,30,1,1,Male,Clothing,ADULTS,MEDIUM SPEND,10/19/2023,Thu,Oct
60,2,30,1,1,Male,Beauty,YOUNG ADULTS,MEDIUM SPEND,12/10/2023,Sun,Dec
75,3,25,1,1,Female,Electronics,YOUNG ADULTS,MEDIUM SPEND,9/21/2023,Thu,Sep
1200,4,300,1,1,Female,Electronics,YOUNG ADULTS,HIGH SPEND,2/1/2023,Wed,Feb
1000,2,500,1,1,Male,Electronics,SENIOR CITIZEN,HIGH SPEND,6/11/2023,Sun,Jun
25,1,25,1,1,Male,Beauty,SENIOR CITIZEN,LOW SPEND,6/3/2023,Sat,Jun
75,3,25,1,1,Female,Beauty,SENIOR CITIZEN,MEDIUM SPEND,10/11/2023,Wed,Oct
2000,4,500,1,1,Female,Clothing,YOUNG ADULTS,VERY HIGH,1/23/2023,Mon,Jan
25,1,25,1,1,Male,Electronics,YOUNG ADULTS,LOW SPEND,8/15/2023,Tue,Aug
200,4,50,1,1,Male,Beauty,YOUNG ADULTS,MEDIUM SPEND,2/27/2023,Mon,Feb
50,2,25,1,1,Female,Electronics,ADULTS,LOW SPEND,2/8/2023,Wed,Feb
900,3,300,1,1,Female,Beauty,YOUNG ADULTS,HIGH SPEND,12/20/2023,Wed,Dec
75,3,25,1,1,Male,Clothing,SENIOR CITIZEN,MEDIUM SPEND,7/9/2023,Sun,Jul
1200,4,300,1,1,Male,Beauty,SENIOR CITIZEN,HIGH SPEND,10/10/2023,Tue,Oct
2000,4,500,1,1,Male,Beauty,YOUNG ADULTS,VERY HIGH,7/6/2023,Thu,Jul
30,1,30,1,1,Female,Electronics,ADULTS,LOW SPEND,12/16/2023,Sat,Dec
60,2,30,1,1,Male,Electronics,SENIOR CITIZEN,MEDIUM SPEND,10/14/2023,Sat,Oct
50,1,50,1,1,Male,Beauty,ADULTS,LOW SPEND,5/2/2023,Tue,May
150,3,50,1,1,Female,Electronics,ADULTS,MEDIUM SPEND,4/2/2023,Sun,Apr
60,2,30,1,1,Female,Clothing,SENIOR CITIZEN,MEDIUM SPEND,4/13/2023,Thu,Apr
30,1,30,1,1,Male,Electronics,ADULTS,LOW SPEND,5/23/2023,Tue,May
100,4,25,1,1,Female,Electronics,ADULTS,MEDIUM SPEND,1/30/2023,Mon,Jan
75,3,25,1,1,Male,Beauty,YOUNG ADULTS,MEDIUM SPEND,10/17/2023,Tue,Oct
1200,4,300,1,1,Female,Clothing,SENIOR CITIZEN,HIGH SPEND,8/23/2023,Wed,Aug
90,3,30,1,1,Female,Beauty,ADULTS,MEDIUM SPEND,3/22/2023,Wed,Mar
1200,4,300,1,1,Male,Electronics,SENIOR CITIZEN,HIGH SPEND,10/15/2023,Sun,Oct
1000,2,500,1,1,Female,Clothing,YOUNG ADULTS,HIGH SPEND,12/8/2023,Fri,Dec
900,3,300,1,1,Female,Beauty,SENIOR CITIZEN,HIGH SPEND,7/28/2023,Fri,Jul
1200,4,300,1,1,Female,Clothing,TEENAGERS,HIGH SPEND,1/13/2023,Fri,Jan
30,1,30,1,1,Male,Electronics,YOUNG ADULTS,LOW SPEND,12/4/2023,Mon,Dec
900,3,300,1,1,Female,Electronics,SENIOR CITIZEN,HIGH SPEND,5/23/2023,Tue,May
1200,4,300,1,1,Male,Clothing,YOUNG ADULTS,HIGH SPEND,3/21/2023,Tue,Mar
100,4,25,1,1,Male,Beauty,SENIOR CITIZEN,MEDIUM SPEND,6/29/2023,Thu,Jun
120,4,30,1,1,Male,Clothing,ADULTS,MEDIUM SPEND,10/2/2023,Mon,Oct
60,2,30,1,1,Male,Electronics,ADULTS,MEDIUM SPEND,5/14/2023,Sun,May
100,4,25,1,1,Male,Electronics,YOUNG ADULTS,MEDIUM SPEND,9/19/2023,Tue,Sep
120,4,30,1,1,Female,Electronics,ADULTS,MEDIUM SPEND,1/23/2023,Mon,Jan
300,1,300,1,1,Female,Electronics,SENIOR CITIZEN,MEDIUM SPEND,9/24/2023,Sun,Sep
50,2,25,1,1,Female,Beauty,ADULTS,LOW SPEND,12/18/2023,Mon,Dec
150,3,50,1,1,Female,Clothing,YOUNG ADULTS,MEDIUM SPEND,8/9/2023,Wed,Aug
150,3,50,1,1,Male,Clothing,TEENAGERS,MEDIUM SPEND,9/17/2023,Sun,Sep
200,4,50,1,1,Female,Electronics,ADULTS,MEDIUM SPEND,10/11/2023,Wed,Oct
60,2,30,1,1,Female,Clothing,SENIOR CITIZEN,MEDIUM SPEND,4/9/2023,Sun,Apr
900,3,300,1,1,Male,Clothing,ADULTS,HIGH SPEND,12/7/2023,Thu,Dec
1200,4,300,1,1,Female,Clothing,ADULTS,HIGH SPEND,1/1/2023,Sun,Jan
50,2,25,1,1,Male,Electronics,SENIOR CITIZEN,LOW SPEND,4/18/2023,Tue,Apr
60,2,30,1,1,Male,Beauty,SENIOR CITIZEN,MEDIUM SPEND,9/19/2023,Tue,Sep
60,2,30,1,1,Female,Beauty,ADULTS,MEDIUM SPEND,11/21/2023,Tue,Nov
100,4,25,1,1,Female,Electronics,YOUNG ADULTS,MEDIUM SPEND,6/21/2023,Wed,Jun
1200,4,300,1,1,Male,Beauty,YOUNG ADULTS,HIGH SPEND,8/22/2023,Tue,Aug
100,2,50,1,1,Female,Beauty,YOUNG ADULTS,MEDIUM SPEND,11/19/2023,Sun,Nov
1500,3,500,1,1,Male,Beauty,SENIOR CITIZEN,HIGH SPEND,2/24/2023,Fri,Feb
180,6,60,2,2,Female,Clothing,SENIOR CITIZEN,MEDIUM SPEND,4/23/2023,Sun,Apr
100,4,25,1,1,Female,Clothing,SENIOR CITIZEN,MEDIUM SPEND,12/23/2023,Sat,Dec
1000,2,500,1,1,Female,Beauty,ADULTS,HIGH SPEND,3/4/2023,Sat,Mar
500,1,500,1,1,Male,Electronics,ADULTS,MEDIUM SPEND,8/19/2023,Sat,Aug
120,4,30,1,1,Female,Electronics,YOUNG ADULTS,MEDIUM SPEND,11/17/2023,Fri,Nov
1500,3,500,1,1,Male,Clothing,SENIOR CITIZEN,HIGH SPEND,5/21/2023,Sun,May
1200,4,300,1,1,Male,Beauty,SENIOR CITIZEN,HIGH SPEND,8/14/2023,Mon,Aug
600,2,300,1,1,Female,Clothing,SENIOR CITIZEN,HIGH SPEND,2/9/2023,Thu,Feb
75,3,25,1,1,Male,Clothing,SENIOR CITIZEN,MEDIUM SPEND,5/20/2023,Sat,May
75,3,25,1,1,Male,Clothing,ADULTS,MEDIUM SPEND,6/21/2023,Wed,Jun
1000,2,500,1,1,Male,Beauty,ADULTS,HIGH SPEND,12/22/2023,Fri,Dec
1200,4,300,1,1,Male,Beauty,YOUNG ADULTS,HIGH SPEND,6/19/2023,Mon,Jun
100,2,50,1,1,Female,Beauty,YOUNG ADULTS,MEDIUM SPEND,8/1/2023,Tue,Aug
60,2,30,1,1,Female,Clothing,ADULTS,MEDIUM SPEND,8/4/2023,Fri,Aug
1200,4,300,1,1,Male,Beauty,ADULTS,HIGH SPEND,9/2/2023,Sat,Sep
1000,2,500,1,1,Female,Clothing,YOUNG ADULTS,HIGH SPEND,6/30/2023,Fri,Jun
100,2,50,1,1,Female,Clothing,SENIOR CITIZEN,MEDIUM SPEND,9/7/2023,Thu,Sep
200,4,50,1,1,Female,Clothing,SENIOR CITIZEN,MEDIUM SPEND,9/6/2023,Wed,Sep
60,2,30,1,1,Female,Beauty,SENIOR CITIZEN,MEDIUM SPEND,12/14/2023,Thu,Dec
500,1,500,1,1,Female,Clothing,TEENAGERS,MEDIUM SPEND,2/12/2023,Sun,Feb
200,4,50,1,1,Female,Beauty,YOUNG ADULTS,MEDIUM SPEND,2/5/2023,Sun,Feb
75,3,25,1,1,Female,Clothing,YOUNG ADULTS,MEDIUM SPEND,3/6/2023,Mon,Mar
30,1,30,1,1,Female,Clothing,YOUNG ADULTS,LOW SPEND,2/28/2023,Tue,Feb
50,2,25,1,1,Female,Electronics,YOUNG ADULTS,LOW SPEND,11/7/2023,Tue,Nov
1200,4,300,1,1,Male,Beauty,YOUNG ADULTS,HIGH SPEND,2/17/2023,Fri,Feb
50,2,25,1,1,Female,Clothing,ADULTS,LOW SPEND,4/22/2023,Sat,Apr
1500,3,500,1,1,Male,Electronics,SENIOR CITIZEN,HIGH SPEND,6/10/2023,Sat,Jun
25,1,25,1,1,Female,Beauty,YOUNG ADULTS,LOW SPEND,2/21/2023,Tue,Feb
1000,2,500,1,1,Female,Clothing,SENIOR CITIZEN,HIGH SPEND,5/26/2023,Fri,May
100,2,50,1,1,Male,Electronics,ADULTS,MEDIUM SPEND,9/28/2023,Thu,Sep
1000,2,500,1,1,Female,Beauty,YOUNG ADULTS,HIGH SPEND,10/11/2023,Wed,Oct
2000,4,500,1,1,Male,Electronics,SENIOR CITIZEN,VERY HIGH,2/17/2023,Fri,Feb
50,2,25,1,1,Male,Electronics,SENIOR CITIZEN,LOW SPEND,12/28/2023,Thu,Dec
300,1,300,1,1,Female,Electronics,SENIOR CITIZEN,MEDIUM SPEND,1/22/2023,Sun,Jan
200,4,50,1,1,Male,Electronics,YOUNG ADULTS,MEDIUM SPEND,7/3/2023,Mon,Jul
50,2,25,1,1,Female,Beauty,SENIOR CITIZEN,LOW SPEND,4/18/2023,Tue,Apr
600,2,300,1,1,Male,Electronics,ADULTS,HIGH SPEND,1/13/2023,Fri,Jan
1500,3,500,1,1,Female,Clothing,YOUNG ADULTS,HIGH SPEND,7/15/2023,Sat,Jul
25,1,25,1,1,Female,Electronics,YOUNG ADULTS,LOW SPEND,4/9/2023,Sun,Apr
600,2,300,1,1,Male,Clothing,YOUNG ADULTS,HIGH SPEND,12/14/2023,Thu,Dec
900,3,300,1,1,Female,Electronics,ADULTS,HIGH SPEND,6/26/2023,Mon,Jun
100,2,50,1,1,Female,Beauty,SENIOR CITIZEN,MEDIUM SPEND,8/4/2023,Fri,Aug
50,1,50,1,1,Female,Electronics,YOUNG ADULTS,LOW SPEND,6/5/2023,Mon,Jun
900,3,300,1,1,Female,Clothing,YOUNG ADULTS,HIGH SPEND,6/14/2023,Wed,Jun
200,4,50,1,1,Male,Electronics,SENIOR CITIZEN,MEDIUM SPEND,8/15/2023,Tue,Aug
50,1,50,1,1,Female,Electronics,ADULTS,LOW SPEND,12/12/2023,Tue,Dec
150,3,50,1,1,Female,Beauty,YOUNG ADULTS,MEDIUM SPEND,12/4/2023,Mon,Dec
60,2,30,1,1,Male,Electronics,ADULTS,MEDIUM SPEND,4/26/2023,Wed,Apr
2000,4,500,1,1,Female,Clothing,TEENAGERS,VERY HIGH,11/9/2023,Thu,Nov
120,4,30,1,1,Male,Beauty,ADULTS,MEDIUM SPEND,8/1/2023,Tue,Aug
1500,3,500,1,1,Female,Electronics,SENIOR CITIZEN,HIGH SPEND,12/2/2023,Sat,Dec
30,1,30,1,1,Male,Electronics,SENIOR CITIZEN,LOW SPEND,1/1/2024,Mon,Jan
1200,4,300,1,1,Female,Beauty,YOUNG ADULTS,HIGH SPEND,8/5/2023,Sat,Aug
300,1,300,1,1,Female,Clothing,SENIOR CITIZEN,MEDIUM SPEND,10/11/2023,Wed,Oct
1500,3,500,1,1,Female,Clothing,ADULTS,HIGH SPEND,1/2/2023,Mon,Jan
100,4,25,1,1,Female,Clothing,ADULTS,MEDIUM SPEND,4/8/2023,Sat,Apr
600,2,300,1,1,Male,Beauty,SENIOR CITIZEN,HIGH SPEND,7/26/2023,Wed,Jul
900,3,300,1,1,Male,Electronics,ADULTS,HIGH SPEND,7/14/2023,Fri,Jul
90,3,30,1,1,Female,Beauty,YOUNG ADULTS,MEDIUM SPEND,7/27/2023,Thu,Jul
1500,3,500,1,1,Female,Clothing,YOUNG ADULTS,HIGH SPEND,12/6/2023,Wed,Dec
200,4,50,1,1,Female,Beauty,YOUNG ADULTS,MEDIUM SPEND,2/17/2023,Fri,Feb
100,4,25,1,1,Male,Electronics,SENIOR CITIZEN,MEDIUM SPEND,1/13/2023,Fri,Jan
190,7,55,2,2,Female,Clothing,ADULTS,MEDIUM SPEND,7/16/2023,Sun,Jul
30,1,30,1,1,Female,Clothing,SENIOR CITIZEN,LOW SPEND,12/2/2023,Sat,Dec
30,1,30,1,1,Male,Electronics,YOUNG ADULTS,LOW SPEND,8/26/2023,Sat,Aug
100,4,25,1,1,Male,Electronics,ADULTS,MEDIUM SPEND,10/13/2023,Fri,Oct
75,3,25,1,1,Male,Electronics,SENIOR CITIZEN,MEDIUM SPEND,5/8/2023,Mon,May
150,3,50,1,1,Male,Clothing,YOUNG ADULTS,MEDIUM SPEND,3/10/2023,Fri,Mar
300,1,300,1,1,Male,Clothing,YOUNG ADULTS,MEDIUM SPEND,12/8/2023,Fri,Dec
2000,4,500,1,1,Female,Clothing,YOUNG ADULTS,VERY HIGH,9/29/2023,Fri,Sep
100,2,50,1,1,Male,Clothing,ADULTS,MEDIUM SPEND,8/15/2023,Tue,Aug
120,4,30,1,1,Male,Beauty,ADULTS,MEDIUM SPEND,8/7/2023,Mon,Aug
2000,4,500,1,1,Male,Electronics,SENIOR CITIZEN,VERY HIGH,10/8/2023,Sun,Oct
900,3,300,1,1,Female,Electronics,SENIOR CITIZEN,HIGH SPEND,8/17/2023,Thu,Aug
390,4,330,2,2,Female,Electronics,ADULTS,MEDIUM SPEND,11/23/2023,Thu,Nov
220,8,55,2,2,Female,Clothing,SENIOR CITIZEN,MEDIUM SPEND,5/22/2023,Mon,May
90,3,30,1,1,Female,Electronics,YOUNG ADULTS,MEDIUM SPEND,9/24/2023,Sun,Sep
75,3,25,1,1,Male,Beauty,YOUNG ADULTS,MEDIUM SPEND,9/6/2023,Wed,Sep
100,2,50,1,1,Female,Beauty,YOUNG ADULTS,MEDIUM SPEND,5/1/2023,Mon,May
30,1,30,1,1,Female,Electronics,ADULTS,LOW SPEND,3/19/2023,Sun,Mar
1200,4,300,1,1,Male,Clothing,YOUNG ADULTS,HIGH SPEND,3/20/2023,Mon,Mar
30,1,30,1,1,Male,Beauty,YOUNG ADULTS,LOW SPEND,10/5/2023,Thu,Oct
1500,3,500,1,1,Female,Clothing,ADULTS,HIGH SPEND,2/1/2023,Wed,Feb
1500,3,500,1,1,Female,Beauty,TEENAGERS,HIGH SPEND,10/27/2023,Fri,Oct
900,3,300,1,1,Female,Clothing,SENIOR CITIZEN,HIGH SPEND,10/22/2023,Sun,Oct
100,4,50,2,2,Male,Electronics,SENIOR CITIZEN,LOW SPEND,6/2/2023,Fri,Jun
150,3,50,1,1,Female,Electronics,YOUNG ADULTS,MEDIUM SPEND,8/12/2023,Sat,Aug
100,2,50,1,1,Male,Electronics,YOUNG ADULTS,MEDIUM SPEND,3/26/2023,Sun,Mar
50,2,25,1,1,Male,Electronics,SENIOR CITIZEN,LOW SPEND,3/7/2023,Tue,Mar
100,4,25,1,1,Male,Electronics,SENIOR CITIZEN,MEDIUM SPEND,11/15/2023,Wed,Nov
1000,2,500,1,1,Female,Electronics,TEENAGERS,HIGH SPEND,7/21/2023,Fri,Jul
75,3,25,1,1,Female,Beauty,SENIOR CITIZEN,MEDIUM SPEND,8/25/2023,Fri,Aug
500,1,500,1,1,Female,Clothing,SENIOR CITIZEN,MEDIUM SPEND,5/14/2023,Sun,May
150,3,50,1,1,Male,Clothing,SENIOR CITIZEN,MEDIUM SPEND,4/19/2023,Wed,Apr
900,3,300,1,1,Male,Beauty,SENIOR CITIZEN,HIGH SPEND,6/22/2023,Thu,Jun
30,1,30,1,1,Male,Beauty,YOUNG ADULTS,LOW SPEND,8/29/2023,Tue,Aug
2000,4,500,1,1,Female,Clothing,SENIOR CITIZEN,VERY HIGH,10/4/2023,Wed,Oct
50,1,50,1,1,Female,Clothing,YOUNG ADULTS,LOW SPEND,6/29/2023,Thu,Jun
100,2,50,1,1,Male,Clothing,ADULTS,MEDIUM SPEND,4/25/2023,Tue,Apr
25,1,25,1,1,Male,Beauty,ADULTS,LOW SPEND,11/29/2023,Wed,Nov
100,2,50,1,1,Male,Beauty,SENIOR CITIZEN,MEDIUM SPEND,4/13/2023,Thu,Apr
90,3,30,1,1,Female,Clothing,YOUNG ADULTS,MEDIUM SPEND,1/11/2023,Wed,Jan
60,2,60,2,2,Male,Beauty,ADULTS,LOW SPEND,5/3/2023,Wed,May
50,2,25,1,1,Female,Clothing,ADULTS,LOW SPEND,8/31/2023,Thu,Aug
900,3,300,1,1,Male,Electronics,ADULTS,HIGH SPEND,2/25/2023,Sat,Feb
100,2,50,1,1,Male,Beauty,ADULTS,MEDIUM SPEND,8/12/2023,Sat,Aug
30,1,30,1,1,Female,Clothing,ADULTS,LOW SPEND,5/11/2023,Thu,May
500,1,500,1,1,Male,Clothing,SENIOR CITIZEN,MEDIUM SPEND,8/15/2023,Tue,Aug
120,4,30,1,1,Female,Clothing,SENIOR CITIZEN,MEDIUM SPEND,5/26/2023,Fri,May
90,3,30,1,1,Male,Electronics,SENIOR CITIZEN,MEDIUM SPEND,11/10/2023,Fri,Nov
2000,4,500,1,1,Female,Clothing,ADULTS,VERY HIGH,12/28/2023,Thu,Dec
50,2,25,1,1,Female,Clothing,ADULTS,LOW SPEND,8/4/2023,Fri,Aug
120,4,30,1,1,Female,Electronics,YOUNG ADULTS,MEDIUM SPEND,6/9/2023,Fri,Jun
50,1,50,1,1,Male,Clothing,YOUNG ADULTS,LOW SPEND,10/22/2023,Sun,Oct
150,3,50,1,1,Male,Electronics,ADULTS,MEDIUM SPEND,12/20/2023,Wed,Dec
50,2,25,1,1,Male,Electronics,SENIOR CITIZEN,LOW SPEND,2/22/2023,Wed,Feb
900,3,300,1,1,Male,Clothing,SENIOR CITIZEN,HIGH SPEND,6/4/2023,Sun,Jun
300,1,300,1,1,Female,Clothing,SENIOR CITIZEN,MEDIUM SPEND,12/17/2023,Sun,Dec
500,1,500,1,1,Female,Electronics,YOUNG ADULTS,MEDIUM SPEND,11/4/2023,Sat,Nov
200,4,50,1,1,Female,Beauty,YOUNG ADULTS,MEDIUM SPEND,3/3/2023,Fri,Mar
100,4,25,1,1,Male,Clothing,ADULTS,MEDIUM SPEND,10/17/2023,Tue,Oct
2000,4,500,1,1,Female,Clothing,SENIOR CITIZEN,VERY HIGH,9/30/2023,Sat,Sep
25,1,25,1,1,Male,Clothing,SENIOR CITIZEN,LOW SPEND,8/8/2023,Tue,Aug
25,1,25,1,1,Female,Beauty,SENIOR CITIZEN,LOW SPEND,12/5/2023,Tue,Dec
120,4,30,1,1,Male,Beauty,ADULTS,MEDIUM SPEND,6/24/2023,Sat,Jun
100,2,50,1,1,Male,Electronics,SENIOR CITIZEN,MEDIUM SPEND,9/8/2023,Fri,Sep
1200,4,300,1,1,Male,Clothing,YOUNG ADULTS,HIGH SPEND,2/24/2023,Fri,Feb
30,1,30,1,1,Male,Electronics,ADULTS,LOW SPEND,8/24/2023,Thu,Aug
900,3,300,1,1,Female,Beauty,YOUNG ADULTS,HIGH SPEND,3/20/2023,Mon,Mar
200,4,50,1,1,Female,Electronics,SENIOR CITIZEN,MEDIUM SPEND,8/11/2023,Fri,Aug
100,2,50,1,1,Female,Beauty,SENIOR CITIZEN,MEDIUM SPEND,9/25/2023,Mon,Sep
50,2,25,1,1,Male,Beauty,SENIOR CITIZEN,LOW SPEND,5/19/2023,Fri,May
500,1,500,1,1,Female,Clothing,SENIOR CITIZEN,MEDIUM SPEND,9/5/2023,Tue,Sep
75,3,25,1,1,Female,Clothing,SENIOR CITIZEN,MEDIUM SPEND,8/27/2023,Sun,Aug
500,1,500,1,1,Male,Electronics,YOUNG ADULTS,MEDIUM SPEND,5/18/2023,Thu,May
100,2,50,1,1,Female,Beauty,YOUNG ADULTS,MEDIUM SPEND,6/15/2023,Thu,Jun
300,1,300,1,1,Male,Electronics,SENIOR CITIZEN,MEDIUM SPEND,2/14/2023,Tue,Feb
150,3,50,1,1,Female,Beauty,SENIOR CITIZEN,MEDIUM SPEND,5/23/2023,Tue,May
120,4,30,1,1,Male,Clothing,SENIOR CITIZEN,MEDIUM SPEND,5/5/2023,Fri,May
25,1,25,1,1,Female,Beauty,ADULTS,LOW SPEND,8/26/2023,Sat,Aug
300,1,300,1,1,Female,Clothing,ADULTS,MEDIUM SPEND,10/19/2023,Thu,Oct
900,3,300,1,1,Male,Beauty,SENIOR CITIZEN,HIGH SPEND,11/9/2023,Thu,Nov
1200,4,300,1,1,Female,Electronics,YOUNG ADULTS,HIGH SPEND,12/9/2023,Sat,Dec
200,4,50,1,1,Male,Beauty,ADULTS,MEDIUM SPEND,6/16/2023,Fri,Jun
90,3,30,1,1,Male,Beauty,TEENAGERS,MEDIUM SPEND,7/1/2023,Sat,Jul
1200,4,300,1,1,Female,Electronics,YOUNG ADULTS,HIGH SPEND,6/24/2023,Sat,Jun
75,3,25,1,1,Female,Clothing,SENIOR CITIZEN,MEDIUM SPEND,2/13/2023,Mon,Feb
900,3,300,1,1,Male,Electronics,ADULTS,HIGH SPEND,11/21/2023,Tue,Nov
500,1,500,1,1,Male,Beauty,SENIOR CITIZEN,MEDIUM SPEND,7/29/2023,Sat,Jul
1500,3,500,1,1,Female,Beauty,YOUNG ADULTS,HIGH SPEND,3/23/2023,Thu,Mar
1200,4,300,1,1,Female,Electronics,ADULTS,HIGH SPEND,12/25/2023,Mon,Dec
75,3,25,1,1,Male,Beauty,ADULTS,MEDIUM SPEND,10/24/2023,Tue,Oct
600,2,300,1,1,Male,Clothing,ADULTS,HIGH SPEND,9/1/2023,Fri,Sep
500,1,500,1,1,Female,Electronics,YOUNG ADULTS,MEDIUM SPEND,8/1/2023,Tue,Aug
600,2,300,1,1,Female,Clothing,SENIOR CITIZEN,HIGH SPEND,7/27/2023,Thu,Jul
500,1,500,1,1,Male,Clothing,SENIOR CITIZEN,MEDIUM SPEND,3/11/2023,Sat,Mar
100,4,25,1,1,Female,Electronics,ADULTS,MEDIUM SPEND,10/16/2023,Mon,Oct
150,3,50,1,1,Male,Electronics,SENIOR CITIZEN,MEDIUM SPEND,2/2/2023,Thu,Feb
100,4,25,1,1,Female,Electronics,ADULTS,MEDIUM SPEND,2/8/2023,Wed,Feb
50,2,25,1,1,Male,Clothing,YOUNG ADULTS,LOW SPEND,5/4/2023,Thu,May
500,1,500,1,1,Male,Beauty,YOUNG ADULTS,MEDIUM SPEND,12/23/2023,Sat,Dec
30,1,30,1,1,Female,Beauty,ADULTS,LOW SPEND,7/5/2023,Wed,Jul
300,1,300,1,1,Female,Clothing,ADULTS,MEDIUM SPEND,10/12/2023,Thu,Oct
1000,2,500,1,1,Male,Beauty,YOUNG ADULTS,HIGH SPEND,5/4/2023,Thu,May
120,4,30,1,1,Male,Electronics,SENIOR CITIZEN,MEDIUM SPEND,11/27/2023,Mon,Nov
50,2,25,1,1,Male,Electronics,SENIOR CITIZEN,LOW SPEND,12/31/2023,Sun,Dec
1500,3,500,1,1,Female,Electronics,SENIOR CITIZEN,HIGH SPEND,8/18/2023,Fri,Aug
50,2,25,1,1,Female,Electronics,YOUNG ADULTS,LOW SPEND,4/24/2023,Mon,Apr
500,1,500,1,1,Female,Electronics,SENIOR CITIZEN,MEDIUM SPEND,7/27/2023,Thu,Jul
500,1,500,1,1,Male,Electronics,YOUNG ADULTS,MEDIUM SPEND,6/6/2023,Tue,Jun
120,4,30,1,1,Female,Electronics,ADULTS,MEDIUM SPEND,7/8/2023,Sat,Jul
30,1,30,1,1,Male,Beauty,SENIOR CITIZEN,LOW SPEND,6/26/2023,Mon,Jun
120,4,30,1,1,Male,Clothing,ADULTS,MEDIUM SPEND,10/9/2023,Mon,Oct
25,1,25,1,1,Female,Clothing,SENIOR CITIZEN,LOW SPEND,6/19/2023,Mon,Jun
30,1,30,1,1,Male,Clothing,YOUNG ADULTS,LOW SPEND,12/26/2023,Tue,Dec
1000,2,500,1,1,Male,Beauty,YOUNG ADULTS,HIGH SPEND,8/21/2023,Mon,Aug
300,1,300,1,1,Male,Electronics,YOUNG ADULTS,MEDIUM SPEND,5/19/2023,Fri,May
500,1,500,1,1,Male,Electronics,ADULTS,MEDIUM SPEND,5/9/2023,Tue,May
900,3,300,1,1,Male,Electronics,ADULTS,HIGH SPEND,4/9/2023,Sun,Apr
100,4,25,1,1,Male,Clothing,SENIOR CITIZEN,MEDIUM SPEND,6/11/2023,Sun,Jun
50,1,50,1,1,Male,Electronics,YOUNG ADULTS,LOW SPEND,4/9/2023,Sun,Apr
30,1,30,1,1,Male,Electronics,SENIOR CITIZEN,LOW SPEND,9/5/2023,Tue,Sep
100,2,50,1,1,Female,Electronics,SENIOR CITIZEN,MEDIUM SPEND,9/26/2023,Tue,Sep
900,3,300,1,1,Female,Electronics,SENIOR CITIZEN,HIGH SPEND,12/23/2023,Sat,Dec
100,4,25,1,1,Male,Clothing,YOUNG ADULTS,MEDIUM SPEND,1/27/2023,Fri,Jan
200,4,50,1,1,Male,Electronics,SENIOR CITIZEN,MEDIUM SPEND,5/6/2023,Sat,May
150,3,50,1,1,Female,Clothing,SENIOR CITIZEN,MEDIUM SPEND,6/22/2023,Thu,Jun
150,3,50,1,1,Male,Clothing,YOUNG ADULTS,MEDIUM SPEND,10/12/2023,Thu,Oct
300,1,300,1,1,Female,Electronics,YOUNG ADULTS,MEDIUM SPEND,12/6/2023,Wed,Dec
30,1,30,1,1,Female,Clothing,YOUNG ADULTS,LOW SPEND,6/30/2023,Fri,Jun
50,2,25,1,1,Female,Electronics,SENIOR CITIZEN,LOW SPEND,6/6/2023,Tue,Jun
120,4,30,1,1,Female,Clothing,SENIOR CITIZEN,MEDIUM SPEND,3/3/2023,Fri,Mar
100,4,25,1,1,Female,Electronics,SENIOR CITIZEN,MEDIUM SPEND,3/3/2023,Fri,Mar
600,2,300,1,1,Male,Clothing,YOUNG ADULTS,HIGH SPEND,5/25/2023,Thu,May
60,2,30,1,1,Male,Clothing,YOUNG ADULTS,MEDIUM SPEND,2/21/2023,Tue,Feb
30,1,30,1,1,Male,Electronics,YOUNG ADULTS,LOW SPEND,4/10/2023,Mon,Apr
50,1,50,1,1,Female,Beauty,SENIOR CITIZEN,LOW SPEND,6/1/2023,Thu,Jun
200,4,50,1,1,Female,Beauty,SENIOR CITIZEN,MEDIUM SPEND,4/27/2023,Thu,Apr
50,1,50,1,1,Female,Clothing,YOUNG ADULTS,LOW SPEND,6/4/2023,Sun,Jun
25,1,25,1,1,Female,Electronics,ADULTS,LOW SPEND,1/8/2023,Sun,Jan
1200,4,300,1,1,Male,Beauty,ADULTS,HIGH SPEND,12/29/2023,Fri,Dec
300,1,300,1,1,Male,Electronics,YOUNG ADULTS,MEDIUM SPEND,10/1/2023,Sun,Oct
900,3,300,1,1,Male,Electronics,ADULTS,HIGH SPEND,5/21/2023,Sun,May
150,3,50,1,1,Male,Beauty,SENIOR CITIZEN,MEDIUM SPEND,1/24/2023,Tue,Jan
90,3,30,1,1,Male,Electronics,YOUNG ADULTS,MEDIUM SPEND,1/28/2023,Sat,Jan
500,1,500,1,1,Female,Electronics,SENIOR CITIZEN,MEDIUM SPEND,10/11/2023,Wed,Oct
90,3,30,1,1,Female,Beauty,YOUNG ADULTS,MEDIUM SPEND,5/30/2023,Tue,May
200,4,50,1,1,Female,Electronics,SENIOR CITIZEN,MEDIUM SPEND,3/6/2023,Mon,Mar
100,3,75,2,2,Female,Beauty,YOUNG ADULTS,LOW SPEND,9/9/2023,Sat,Sep
75,3,25,1,1,Female,Beauty,YOUNG ADULTS,MEDIUM SPEND,2/22/2023,Wed,Feb
300,1,300,1,1,Male,Electronics,YOUNG ADULTS,MEDIUM SPEND,9/3/2023,Sun,Sep
2000,4,500,1,1,Male,Electronics,ADULTS,VERY HIGH,6/24/2023,Sat,Jun
1200,4,300,1,1,Female,Clothing,YOUNG ADULTS,HIGH SPEND,4/5/2023,Wed,Apr
200,4,50,1,1,Male,Clothing,SENIOR CITIZEN,MEDIUM SPEND,5/10/2023,Wed,May
120,4,30,1,1,Male,Beauty,YOUNG ADULTS,MEDIUM SPEND,9/2/2023,Sat,Sep
30,1,30,1,1,Male,Beauty,YOUNG ADULTS,LOW SPEND,2/3/2023,Fri,Feb
500,1,500,1,1,Female,Beauty,SENIOR CITIZEN,MEDIUM SPEND,10/23/2023,Mon,Oct
200,4,50,1,1,Male,Clothing,SENIOR CITIZEN,MEDIUM SPEND,11/19/2023,Sun,Nov
300,1,300,1,1,Female,Electronics,ADULTS,MEDIUM SPEND,12/18/2023,Mon,Dec
30,1,30,1,1,Female,Electronics,YOUNG ADULTS,LOW SPEND,1/28/2023,Sat,Jan
50,2,25,1,1,Female,Electronics,ADULTS,LOW SPEND,8/2/2023,Wed,Aug
25,1,25,1,1,Female,Clothing,SENIOR CITIZEN,LOW SPEND,11/13/2023,Mon,Nov
1500,3,500,1,1,Male,Clothing,YOUNG ADULTS,HIGH SPEND,8/19/2023,Sat,Aug
120,4,30,1,1,Female,Electronics,SENIOR CITIZEN,MEDIUM SPEND,8/15/2023,Tue,Aug
60,2,30,1,1,Female,Electronics,ADULTS,MEDIUM SPEND,10/29/2023,Sun,Oct
60,2,30,1,1,Male,Clothing,SENIOR CITIZEN,MEDIUM SPEND,8/8/2023,Tue,Aug
200,4,50,1,1,Male,Beauty,SENIOR CITIZEN,MEDIUM SPEND,6/6/2023,Tue,Jun
50,1,50,1,1,Female,Beauty,SENIOR CITIZEN,LOW SPEND,11/14/2023,Tue,Nov
200,4,50,1,1,Male,Clothing,YOUNG ADULTS,MEDIUM SPEND,11/9/2023,Thu,Nov
1000,2,500,1,1,Male,Electronics,SENIOR CITIZEN,HIGH SPEND,2/20/2023,Mon,Feb
900,3,300,1,1,Female,Clothing,ADULTS,HIGH SPEND,11/17/2023,Fri,Nov
900,3,300,1,1,Female,Clothing,ADULTS,HIGH SPEND,4/19/2023,Wed,Apr
2000,4,500,1,1,Male,Electronics,SENIOR CITIZEN,VERY HIGH,5/16/2023,Tue,May
100,4,25,1,1,Male,Beauty,SENIOR CITIZEN,MEDIUM SPEND,2/11/2023,Sat,Feb
600,2,300,1,1,Female,Beauty,ADULTS,HIGH SPEND,10/10/2023,Tue,Oct
75,3,25,1,1,Female,Electronics,YOUNG ADULTS,MEDIUM SPEND,2/8/2023,Wed,Feb
150,3,50,1,1,Female,Clothing,SENIOR CITIZEN,MEDIUM SPEND,3/22/2023,Wed,Mar
75,3,25,1,1,Female,Electronics,YOUNG ADULTS,MEDIUM SPEND,7/29/2023,Sat,Jul
300,1,300,1,1,Female,Clothing,YOUNG ADULTS,MEDIUM SPEND,11/1/2023,Wed,Nov
500,1,500,1,1,Male,Clothing,SENIOR CITIZEN,MEDIUM SPEND,8/29/2023,Tue,Aug
50,2,25,1,1,Female,Electronics,TEENAGERS,LOW SPEND,5/30/2023,Tue,May
1000,2,500,1,1,Female,Clothing,SENIOR CITIZEN,HIGH SPEND,1/17/2023,Tue,Jan
900,3,300,1,1,Female,Clothing,YOUNG ADULTS,HIGH SPEND,4/29/2023,Sat,Apr
25,1,25,1,1,Female,Electronics,ADULTS,LOW SPEND,12/28/2023,Thu,Dec
1000,2,500,1,1,Female,Beauty,SENIOR CITIZEN,HIGH SPEND,5/25/2023,Thu,May
60,2,30,1,1,Female,Electronics,SENIOR CITIZEN,MEDIUM SPEND,8/21/2023,Mon,Aug
150,3,50,1,1,Female,Electronics,ADULTS,MEDIUM SPEND,2/6/2023,Mon,Feb
1000,2,500,1,1,Female,Beauty,SENIOR CITIZEN,HIGH SPEND,12/18/2023,Mon,Dec
30,1,30,1,1,Female,Clothing,ADULTS,LOW SPEND,4/30/2023,Sun,Apr
50,1,50,1,1,Male,Clothing,SENIOR CITIZEN,LOW SPEND,5/16/2023,Tue,May
90,3,30,1,1,Male,Beauty,SENIOR CITIZEN,MEDIUM SPEND,11/17/2023,Fri,Nov
100,4,25,1,1,Female,Beauty,YOUNG ADULTS,MEDIUM SPEND,10/29/2023,Sun,Oct
2000,4,500,1,1,Male,Electronics,YOUNG ADULTS,VERY HIGH,7/23/2023,Sun,Jul
150,3,50,1,1,Female,Beauty,YOUNG ADULTS,MEDIUM SPEND,3/6/2023,Mon,Mar
75,3,25,1,1,Male,Electronics,SENIOR CITIZEN,MEDIUM SPEND,1/7/2023,Sat,Jan
50,1,50,1,1,Male,Clothing,SENIOR CITIZEN,LOW SPEND,3/22/2023,Wed,Mar
100,2,50,1,1,Female,Clothing,YOUNG ADULTS,MEDIUM SPEND,12/26/2023,Tue,Dec
1200,4,300,1,1,Female,Clothing,SENIOR CITIZEN,HIGH SPEND,10/16/2023,Mon,Oct
900,3,300,1,1,Male,Clothing,ADULTS,HIGH SPEND,11/7/2023,Tue,Nov
60,2,30,1,1,Female,Electronics,YOUNG ADULTS,MEDIUM SPEND,8/19/2023,Sat,Aug
500,1,500,1,1,Male,Clothing,SENIOR CITIZEN,MEDIUM SPEND,1/6/2023,Fri,Jan
900,3,300,1,1,Male,Electronics,YOUNG ADULTS,HIGH SPEND,11/1/2023,Wed,Nov
50,2,25,1,1,Female,Electronics,YOUNG ADULTS,LOW SPEND,3/3/2023,Fri,Mar
1500,3,500,1,1,Male,Electronics,YOUNG ADULTS,HIGH SPEND,11/15/2023,Wed,Nov
120,4,30,1,1,Male,Clothing,ADULTS,MEDIUM SPEND,4/24/2023,Mon,Apr
600,2,300,1,1,Male,Beauty,SENIOR CITIZEN,HIGH SPEND,8/11/2023,Fri,Aug
1200,4,300,1,1,Male,Clothing,YOUNG ADULTS,HIGH SPEND,3/31/2023,Fri,Mar
900,3,300,1,1,Female,Clothing,SENIOR CITIZEN,HIGH SPEND,11/5/2023,Sun,Nov
75,3,25,1,1,Female,Beauty,SENIOR CITIZEN,MEDIUM SPEND,4/20/2023,Thu,Apr
160,6,55,2,2,Female,Beauty,SENIOR CITIZEN,MEDIUM SPEND,3/1/2023,Wed,Mar
150,3,50,1,1,Male,Electronics,YOUNG ADULTS,MEDIUM SPEND,3/24/2023,Fri,Mar
100,4,25,1,1,Female,Electronics,SENIOR CITIZEN,MEDIUM SPEND,12/29/2023,Fri,Dec
500,1,500,1,1,Male,Beauty,YOUNG ADULTS,MEDIUM SPEND,6/8/2023,Thu,Jun
100,2,50,1,1,Male,Clothing,SENIOR CITIZEN,MEDIUM SPEND,3/28/2023,Tue,Mar
50,1,50,1,1,Male,Beauty,YOUNG ADULTS,LOW SPEND,1/20/2023,Fri,Jan
120,4,30,1,1,Female,Clothing,ADULTS,MEDIUM SPEND,8/12/2023,Sat,Aug
200,4,50,1,1,Male,Clothing,YOUNG ADULTS,MEDIUM SPEND,5/7/2023,Sun,May
150,3,50,1,1,Male,Electronics,SENIOR CITIZEN,MEDIUM SPEND,8/27/2023,Sun,Aug
90,3,30,1,1,Female,Beauty,TEENAGERS,MEDIUM SPEND,1/11/2023,Wed,Jan
300,1,300,1,1,Male,Electronics,SENIOR CITIZEN,MEDIUM SPEND,8/21/2023,Mon,Aug
1200,4,300,1,1,Male,Clothing,ADULTS,HIGH SPEND,6/17/2023,Sat,Jun
100,2,50,1,1,Male,Clothing,YOUNG ADULTS,MEDIUM SPEND,12/9/2023,Sat,Dec
100,2,50,1,1,Male,Electronics,SENIOR CITIZEN,MEDIUM SPEND,7/8/2023,Sat,Jul
500,1,500,1,1,Male,Beauty,YOUNG ADULTS,MEDIUM SPEND,3/27/2023,Mon,Mar
200,4,50,1,1,Male,Clothing,ADULTS,MEDIUM SPEND,6/9/2023,Fri,Jun
50,2,25,1,1,Male,Electronics,YOUNG ADULTS,LOW SPEND,12/13/2023,Wed,Dec
100,4,25,1,1,Female,Beauty,ADULTS,MEDIUM SPEND,11/18/2023,Sat,Nov
50,1,50,1,1,Female,Clothing,YOUNG ADULTS,LOW SPEND,4/19/2023,Wed,Apr
1500,3,500,1,1,Male,Beauty,ADULTS,HIGH SPEND,10/25/2023,Wed,Oct
60,2,30,1,1,Male,Beauty,SENIOR CITIZEN,MEDIUM SPEND,8/31/2023,Thu,Aug
100,4,25,1,1,Female,Electronics,YOUNG ADULTS,MEDIUM SPEND,9/29/2023,Fri,Sep
200,4,50,1,1,Male,Clothing,YOUNG ADULTS,MEDIUM SPEND,8/10/2023,Thu,Aug
60,2,30,1,1,Female,Clothing,YOUNG ADULTS,MEDIUM SPEND,4/29/2023,Sat,Apr
200,4,50,1,1,Male,Clothing,SENIOR CITIZEN,MEDIUM SPEND,1/9/2023,Mon,Jan
50,1,50,1,1,Female,Electronics,YOUNG ADULTS,LOW SPEND,12/24/2023,Sun,Dec
900,3,300,1,1,Male,Beauty,YOUNG ADULTS,HIGH SPEND,5/26/2023,Fri,May
100,2,50,1,1,Male,Beauty,SENIOR CITIZEN,MEDIUM SPEND,8/29/2023,Tue,Aug
30,1,30,1,1,Male,Electronics,YOUNG ADULTS,LOW SPEND,8/14/2023,Mon,Aug
50,2,25,1,1,Female,Clothing,SENIOR CITIZEN,LOW SPEND,3/19/2023,Sun,Mar
25,1,25,1,1,Male,Beauty,YOUNG ADULTS,LOW SPEND,2/13/2023,Mon,Feb
2000,4,500,1,1,Male,Electronics,SENIOR CITIZEN,VERY HIGH,5/8/2023,Mon,May
25,1,25,1,1,Male,Clothing,SENIOR CITIZEN,LOW SPEND,7/14/2023,Fri,Jul
900,3,300,1,1,Male,Clothing,YOUNG ADULTS,HIGH SPEND,1/31/2023,Tue,Jan
200,4,50,1,1,Female,Electronics,YOUNG ADULTS,MEDIUM SPEND,12/5/2023,Tue,Dec
25,1,25,1,1,Female,Beauty,TEENAGERS,LOW SPEND,1/2/2023,Mon,Jan
120,4,30,1,1,Male,Electronics,ADULTS,MEDIUM SPEND,4/12/2023,Wed,Apr
25,1,25,1,1,Female,Clothing,ADULTS,LOW SPEND,3/25/2023,Sat,Mar
90,3,30,1,1,Male,Clothing,YOUNG ADULTS,MEDIUM SPEND,10/31/2023,Tue,Oct
50,1,50,1,1,Male,Clothing,YOUNG ADULTS,LOW SPEND,12/20/2023,Wed,Dec
50,2,25,1,1,Male,Clothing,ADULTS,LOW SPEND,6/5/2023,Mon,Jun
900,3,300,1,1,Female,Electronics,SENIOR CITIZEN,HIGH SPEND,9/25/2023,Mon,Sep
900,3,300,1,1,Male,Electronics,ADULTS,HIGH SPEND,4/5/2023,Wed,Apr
